4962 6178
586 692 590 698 -
723 659 917 726 snarns
951 657 1279 728 nnerrounn.
1725 665 1769 732 ra
1895 627 1896 630 Ὺ

340 871 492 949 Parrum
512 868 685 946 Samuelis
704 869 825 942 libram
843 866 993 943 cursoria
1005 866 1150 942 lectione
1164 865 1336 955 tractabit,
1350 865 1407 941 dia
1420 865 1563 957 Lunae,
1618 868 1703 947 hora
1726 872 1763 962 l,

436 1000 472 1066 et
496 991 553 1066 die
576 989 670 1064 Iovis
680 1044 1088 1078 ............
1116 1025 1127 1063 ·.
1156 1039 1566 1064 ............
1705 992 1763 1068 IX.

339 1113 576 1212 Antiquitates
607 1109 842 1183 Isaahurum
876 1107 1084 1207 explicabit,
1119 1106 1243 1182 diebus
1278 1107 1437 1197 Lunae,·
1452 1108 1570 1184 Martis

388 1243 424 1311 et
446 1231 604 1308 Mercurii
613 1284 1572 1320 ...........................
1691 1231 1764 1307 xss.

244 1369 330 1434 LH.
351 1363 576 1436 STUFFKEN,
614 1374 675 1450 per
711 1357 862 1426 aetatem
894 1349 1082 1440 immunis,
1121 1355 1293 1449 quantum
1320 1347 1408 1424 vires
1434 1348 1569 1444 sinent,

293 1474 519 1554 Acadamieae
543 1470 715 1545 iuventuti
740 1470 904 1569 prodesse
927 1471 1119 1546 conabitur.

247 1612 282 1673 c.
302 1611 338 1671 G.
359 1603 488 1668 OOBET
518 1591 802 1691 interpretabitur
832 1591 1103 1667 Demosthenem
1131 1594 1174 1666 de
1206 1593 1336 1666 Ooroaa
1358 1598 1394 1664 et
1418 1588 1572 1665 Platonis

296 1718 521 1818 Sympoaiam,
547 1713 672 1787 diebus
695 1711 836 1801 Lunae,
861 1712 979 1788 Martis
1006 1720 1042 1785 et
1064 1711 1223 1788 Mercurii
1232 1767 1568 1800 ..........
1722 1711 1765 1788 X.

341 1835 579 1935 Antiquitates
618 1833 794 1908 Romanas
833 1832 990 1921 docebit,
1029 1831 1154 1906 diebos
1198 1830 1340 1919 Lunae,
1381 1830 1500 1907 Martis
1539 1835 1575 1904 et

381 1955 563 2044 Mercurii,
609 2008 619 2026 .
654 2001 1572 2028 ..........................
1695 1952 1768 2028 Xll

341 2081 433 2156 Cum
465 2077 570 2177 paulo
600 2073 870 2176 provectioribus
905 2073 1168 2172 Antiquitatum
1200 2073 1437 2148 Romanarum
1468 2097 1573 2150 causa

390 2200 481 2300 leget
505 2197 665 2272 'I'acitnm
689 2203 725 2270 et
749 2194 977 2285 Suetonium,
1012 2192 1135 2267 diebus
1160 2193 1247 2266 lovis
1271 2200 1307 2266 et
1331 2191 1496 2284 Veneris,
1523 2253 1532 2270 .
1560 2251 1570 2271 .
1725 2197 1768 2275 ll.

344 2320 486 2396 Scholas
508 2315 764 2416 Paedagogicas
788 2314 950 2406 habebit,
986 2312 1109 2390 diebus
1137 2313 1262 2388 Martis
1288 2321 1324 2388 et
1352 2314 1460 2404 loris,
1492 2370 1502 2390 .
1529 2371 1538 2391 .
1565 2370 1575 2392 .
1727 2316 1769 2394 11.

342 2443 464 2517 Artem
491 2437 667 2512 metricam
692 2438 827 2528 tradet,
852 2437 976 2515 diebus
999 2436 1145 2512 Veneris
1172 2443 1207 2509 et
1232 2435 1374 2510 Saturni
1384 2493 1576 2528 ......
1743 2440 1770 2515 l.

345 2559 534 2659 Scriptores
574 2559 724 2632 Graecos
760 2559 911 2633 cursoria
946 2558 1090 2634 lectione
1128 2555 1320 2647 Mactabit,
1347 2556 1404 2633 die
1440 2556 1577 2650 Martis,

388 2682 473 2757 hora
497 2677 712 2776 vespertina,
749 2735 757 2752 .
795 2733 1575 2756 ......................
1601 2675 1768 2754 Vlll-X.

342 2800 449 2877 Initia
466 2795 757 2896 Palaeographiae
777 2797 928 2872 Graecae
944 2797 1137 2873 candidatis
1149 2799 1361 2874 Litterarum
1374 2797 1578 2897 explicabit,
1819 2835 1826 2852 .

392 2920 449 2996 die
482 2916 642 3006 Saturni,
679 2971 1570 2997 .........................
1713 2918 1772 2993 lx.

249 3055 287 3118 lt.
305 3053 338 3114 P.
358 3055 394 3113 a.
414 3050 519 3112 Dour
548 3036 742 3112 Historiam
778 3037 1007 3113 universalem
1039 3036 1245 3138 explicabit,
1279 3035 1403 3112 diebus
1436 3037 1578 3128 Lunae,
1850 3056 1854 3068 ‘

298 3161 416 3238 Martis
438 3167 475 3235 et
498 3157 676 3247 Mercurii,
720 3214 1573 3237 ........................
1715 3161 1774 3236 xl.

275 3362 280 3374 ,
347 3280 470 3356 Varios
492 3279 583 3354 locos
607 3277 770 3355 historiae
794 3279 869 3354 aevi
889 3277 996 3354 medii
1018 3289 1054 3356 et
1073 3279 1235 3355 historiae
1256 3279 1456 3355 recentioris
1474 3303 1579 3380 expo·

393 3407 475 3490 net,
501 3399 625 3473 diebus
651 3397 772 3474 Lunae
795 3407 831 3474 et
850 3400 976 3475 Martia
983 3457 1576 3490 .................
1700 3401 1775 3478 ΧΗ.

252 3533 290 3596 Β.
309 3530 434 3592 FRUIN
476 3518 668 3594 Historiam
701 3518 840 3595 Patriae
881 3520 1010 3610 tradet,
1046 3519 1171 3597 diebus
1206 3519 1390 3609 Mercurii,
1428 3519 1518 3595 Iovis
1548 3527 1584 3595 et

298 3638 442 3715 Veneris
452 3688 1579 3727 ................................
1749 3639 1774 3720 l.

346 3758 537 3834 Historiam
562 3758 738 3859 politicam
759 3759 875 3860 Belgii
899 3760 1066 3837 foederati
1091 3769 1261 3862 exponat,
1286 3760 1412 3836 diebus
1435 3759 1525 3835 lovis
1546 3766 1583 3834 et

395 3878 540 3954 Veneris
551 3935 1579 3970 .............................
1715 3881 1774 3957 XI.

254 4010 301 4074 w.
321 4011 358 4073 G.
376 4009 581 4072 PLUIGBRS
601 3999 885 4100 interpretabitur
894 4002 1110 4094 Sallustium,
1118 4002 1293 4080 Ciceronis
1304 4003 1365 4077 Or.
1374 4003 1412 4076 ia
1425 4000 1579 4093 Verrem,

301 4123 380 4196 Act.
406 4119 452 4209 ll,
476 4119 517 4196 L.
544 4118 587 4197 V.
616 4125 696 4218 (rec.
723 4122 761 4199 C.
789 4122 829 4199 L.
852 4122 992 4218 Kaisar)
1027 4133 1063 4199 at
1093 4125 1254 4214 Livium,
1286 4121 1410 4198 diebus
1437 4119 1581 4213 Lunae,

302 4237 429 4316 Martis
453 4246 488 4314 et
513 4240 701 4331 Mercurii,
745 4294 1581 4320 .......................
1719 4238 1777 4316 IX.

303 4415 306 4431 .
351 4358 589 4458 Antiquitatas
613 4361 763 4436 Graecas
788 4359 946 4452 docebit,
971 4361 1028 4437 die
1052 4361 1165 4452 Iovis,
1206 4416 1580 4440 ...........
1627 4355 1776 4439 IX-lll

352 4480 567 4580 Scriptorum
589 4480 794 4558 latinorum
822 4481 966 4557 selectos
986 4481 1078 4557 locos
1105 4482 1363 4583 Philologorum
1386 4479 1582 4560 iunioribus

399 4599 603 4702 explicabit,
627 4602 752 4678 diebus
773 4601 895 4677 Lunae
921 4609 957 4676 et
979 4602 1167 4696 Mercurii,
1206 4651 1585 4680 ...........
1735 4602 1777 4678 11.

352 4720 494 4797 Veteres
518 4721 737 4799 membranas
755 4721 898 4798 latinas
920 4747 1002 4798 cum
1027 4721 1297 4824 provectioribus
1320 4723 1500 4814 tractabit,
1524 4722 1582 4799 dia

397 4841 544 4934 Martis,
578 4901 587 4920 .
622 4898 1582 4923 ...........................
1643 4839 1777 4918 lI-IV.

1533 4961 1582 5035 10
