4962 6178
710 695 753 760 aa
829 661 832 667 ’
1306 695 1643 762 narraras

710 907 839 1006 gloriae
872 905 1059 979 ducereut''
1074 903 1135 994 ²⁸).
1184 903 1296 982 Quasi
1329 927 1407 976 voro
1437 903 1473 974 in
1502 925 1606 976 causa
1629 925 1697 975 una
1720 900 1876 975 omnium
1897 901 2028 1000 optima
2050 902 2129 1002 plns
2151 903 2235 978 satis

711 1026 875 1101 calescere
904 1025 1102 1123 possemus!
1147 1024 1197 1098 At
1233 1047 1314 1112 vos,
1349 1023 1460 1122 agite,
1494 1022 1586 1096 idem
1624 1019 1737 1094 laudis
1765 1020 2003 1095 testimonium
2033 1022 2235 1097 adversariis

711 1145 928 1244 extorquete!
971 1143 1078 1243 Digni
1112 1151 1220 1217 estote
1252 1143 1356 1217 huius
1389 1141 1599 1216 Academiae
1633 1140 1783 1214 alumnil
1823 1141 1987 1239 Namque
2021 1141 2069 1216 sic
2100 1166 2235 1242 semper

711 1264 806 1338 vobis
844 1287 1047 1363 persuasum
1087 1261 1270 1350 habetote,
1311 1262 1415 1335 istum
1460 1260 1551 1333 diem
1589 1259 1819 1334 Neerlandioe
1859 1259 1931 1334 lore
1967 1260 2125 1352 letalem,
2166 1286 2236 1361 quo

707 1384 895 1460 Academia
926 1381 1250 1482 Lugduuo·Bateva
1285 1380 1426 1455 desierit
1459 1404 1534 1454 essa
1567 1379 1734 1453 libertatis
1766 1380 1989 1479 praesidium.
2040 1381 2111 1456 Sed
2144 1382 2234 1458 absit

707 1506 827 1579 omen!
865 1503 965 1578 Prius
987 1503 1062 1601 ipsa
1084 1526 1159 1576 esse
1187 1501 1331 1576 desinet.
1385 1500 1567 1580 Quamdiu
1591 1523 1668 1572 vero
1696 1499 1787 1573 viret
1809 1525 1848 1574 ac
1874 1500 2025 1599 vigebit,
2048 1501 2104 1576 ius
2128 1527 2232 1577 suum

590 1667 594 1676 ·
708 1623 896 1700 vindicabit
918 1647 1091 1724 suumque
1110 1621 1299 1722 praestabit
1320 1621 1483 1696 officium.
1535 1618 1691 1719 Spondet
1714 1618 1778 1692 hoc
1799 1620 1909 1718 patria
1933 1620 2061 1710 virtus,
2086 1621 2233 1720 spondet

706 1744 915 1820 Academiae
944 1742 1115 1842 dignitas,
1149 1741 1296 1841 spondet
1330 1741 1387 1840 pie
1426 1761 1620 1815 aornrnnur
1644 1739 1823 1813 Arausiaci
1850 1739 2030 1831 memorio,
2055 1741 2091 1816 in
2119 1765 2229 1816 seram

708 1890 818 1964 usque
842 1863 1077 1964 posteritatem
1106 1887 1336 1962 magnacum
1364 1859 1528 1958 religione
1554 1857 1707 1932 colenda.

757 2341 1072 2440 Quandoquidem,
1103 2342 1202 2428 An„
1232 2349 1271 2414 ut
1294 2338 1394 2412 liberi
1418 2361 1492 2412 esse
1515 2338 1710 2438 possimus,
1736 2337 1861 2412 serviro
1885 2338 2020 2438 legibus
2044 2341 2229 2432 debemus,

705 2474 891 2563 postquam
924 2463 1033 2535 multa
1064 2460 1108 2535 de
1140 2459 1298 2534 libertate
1333 2458 1500 2548 disserui,
1526 2459 1595 2533 iam
1623 2459 1691 2557 legi
1717 2457 1866 2556 parebo,
1891 2483 1962 2555 qua
1982 2462 2229 2561 praescriptum

706 2588 777 2672 est,
806 2591 863 2670 ut,
889 2605 979 2678 quae
1003 2604 1142 2679 quoque
1166 2604 1256 2653 anno
1284 2578 1495 2695 Academiae
1520 2586 1581 2653 aut
1605 2603 1766 2677 prospero
1791 2585 1852 2652 aut
1874 2578 2016 2654 adversa
2037 2583 2229 2670 evenerint,

704 2703 894 2777 oRectore
922 2691 1111 2774 decedente
1137 2698 1342 2774 summatim
1368 2708 1690 2773 commemorentur.

752 2822 840 2910 Vos,
875 2820 1094 2919 Amplissimi
1130 2820 1340 2906 Curatores,
1373 2818 1483 2892 valere
1510 2827 1546 2891 et
1573 2818 1706 2916 vigam,
1741 2841 1868 2914 magna
1889 2817 1989 2892 nobis
2014 2827 2066 2893 est
2088 2820 2229 2898 laetitio.

611 2987 619 3006 ·
701 2941 844 3041 Experti
870 2940 1055 3027 novimus,
1087 2939 1172 3037 quid
1196 2937 1307 3011 Vobis
1330 2936 1519 3011 Academia
1543 2937 1687 3025 debeat,
1711 2937 1810 3028 ouius
1837 2961 1892 3012 res
1919 2939 1984 3012 boc
2008 2939 2112 3013 etiam
2139 2964 2231 3014 anno

703 3085 830 3159 magna
860 3083 941 3133 cum
966 3057 1146 3156 diligentia
1173 3055 1427 3155 procuravistis.
1480 3056 1634 3130 Laudari
1662 3057 1698 3129 in
1722 3057 1874 3131 oratione
1897 3057 2107 3135 Curatorum
2132 3060 2230 3136 colle·

704 3180 821 3278 gium,
846 3203 867 3251 a
888 3177 1078 3251 maioribus
1095 3176 1267 3275 sapienter
1291 3188 1327 3251 et
1349 3176 1534 3250 liberaliter
1553 3177 1772 3264 institutum,
1793 3176 1959 3251 eximium
1980 3180 2085 3254 rebus
2106 3181 2229 3255 nostris

703 3300 954 3374 adiumentum.
987 3297 1062 3371 Nec
1086 3305 1220 3371 tantum
1244 3295 1381 3371 laudavi
1405 3304 1559 3371 veterum
1580 3297 1718 3370 illorum
1735 3305 1930 3394 temporum
1945 3297 2079 3373 ratione
2094 3300 2227 3390 habita,

703 3419 764 3494 sed
802 3428 936 3492 nostrae
974 3417 1078 3490 etiam
1113 3417 1218 3491 aetati
1256 3416 1350 3490 idem
1392 3415 1656 3490 saluberrimum
1698 3439 1773 3489 esse
1806 3439 1940 3492 censeo.
1991 3420 2108 3495 Multo
2137 3421 2229 3496 enim

702 3537 825 3613 melius
853 3536 1060 3610 Academiae
1082 3535 1306 3635 prospicitur,
1333 3535 1395 3609 ubi
1419 3534 1481 3608 viri
1508 3534 1721 3634 gravissimi,
1749 3534 1894 3609 summis
1919 3536 2109 3614 honoribus
2131 3565 2226 3639 prae·

700 3660 789 3734 clare
814 3656 922 3758 gestis
948 3656 1209 3756 spectatissimi,
1236 3654 1353 3729 dedita
1378 3679 1481 3754 opera
1510 3656 1573 3731 hoc
1602 3654 1776 3730 literarum
1801 3657 1989 3756 patrocinio
2015 3659 2226 3760 funguutur,

702 3779 855 3878 quamsi
878 3777 995 3852 omnia
1020 3784 1220 3876 regerentur
1241 3800 1262 3849 a
1285 3775 1356 3849 solo
1379 3775 1486 3874 Regis
1510 3775 1692 3862 Ministro,
1719 3785 1770 3847 tot
1795 3799 1835 3850 cc
1857 3783 1953 3850 tante
1978 3777 2227 3855 diversissimae

700 3909 843 3975 naturae
868 3899 1007 3996 negotiu
1030 3896 1232 3970 sustinente.
1271 3894 1428 3992 Antiqua
1449 3904 1566 3969 autem
1589 3894 1798 3968 Academiae
1822 3894 1962 3970 libertas
1984 3907 2019 3972 et
2041 3899 2226 3974 liberalitas

701 4018 812 4094 multo
838 4018 964 4093 certius
984 4015 1137 4091 illibatae
1157 4015 1472 4102 conservabuntur,
1498 4013 1541 4088 iis
1566 4013 1770 4088 custodibus
1787 4017 2012 4106 commissae,
2038 4019 2117 4117 qui,
2143 4042 2225 4093 cum

700 4162 780 4212 raur
803 4160 946 4212 noussu
969 4159 1182 4210 successores
1206 4135 1297 4223 sint,
1332 4158 1525 4234 numquam
1555 4158 1623 4208 non
1648 4133 1883 4232 persentient,
1908 4144 2060 4212 sanctam
2087 4147 2226 4237 patrum

701 4258 927 4332 hereditatem
950 4255 1017 4330 sibi
1038 4280 1113 4330 esse
1135 4255 1386 4329 vindicandam.
1437 4254 1562 4352 Itaque
1584 4253 1714 4353 optima
1733 4265 1812 4329 vota
1830 4256 1941 4348 facio,
1967 4268 2025 4348 ut,
2051 4260 2225 4359 quidquid

701 4378 736 4450 in
763 4374 898 4474 legibus
918 4374 1121 4449 academicis
1140 4381 1313 4462 mutetur,
1328 4373 1492 4448 Vestrum
1513 4373 1698 4472 collegium
1715 4373 1889 4474 integrum
1906 4377 2040 4478 integra
2055 4387 2224 4477 potestate

702 4494 913 4580 stabiliatur,
949 4499 1057 4590 utque
1087 4492 1159 4569 Vos
1183 4493 1251 4593 ipsi
1275 4517 1381 4591 qnam
1409 4491 1604 4567 diutissime
1625 4492 1836 4591 reipublicae
1858 4496 2027 4572 literarioc
2054 4499 2225 4598 praesidio

702 4613 777 4688 sitis
801 4621 837 4686 et
862 4610 1106 4687 emolumento.

750 4733 820 4820 Te,
853 4728 1078 4806 Nobilissimc
1113 4753 1252 4805 orvans
1284 4754 1358 4806 vnn
1388 4754 1611 4824 annnonnsr,
1636 4733 1755 4831 paucis
1778 4736 1982 4834 compellare
2005 4739 2145 4813 animus
2167 4763 2225 4814 me

701 4851 809 4927 iubet.
861 4849 968 4924 Haud
1001 4849 1050 4925 ita
1081 4847 1215 4949 pridem
1247 4851 1297 4925 'Pe
1321 4851 1547 4926 salutavimus
1568 4852 1845 4951 octogenarium,
1878 4854 1939 4929 sed
1964 4856 2015 4930 ita
2039 4865 2224 4958 octogena·
