4962 6178
611 727 617 740 Ι
731 641 774 711 rc
1213 642 1411 708 sununs
1445 637 1776 708 uncriounn.

830 849 953 926 Artem
975 849 1249 950 diagnosticum,
1283 875 1364 926 cum
1388 849 1561 950 capitibus
1584 847 1721 924 selectis
1743 845 1966 945 Pathologiac
1989 869 2065 946 spe·

877 971 973 1048 cialis
1007 971 1254 1060 coniunctam,
1292 970 1449 1060 docebit,
1489 969 1614 1044 dicbus
1650 969 1792 1058 Lunae,
1831 966 1997 1042 Mercurii
2031 974 2066 1042 et

877 1088 1044 1180 Venerie;
1066 1141 2063 1168 ............................
2104 1085 2189 1164 bora
2206 1089 2255 1165 lll

1242 1283 1490 1358 Facturus
1515 1283 1754 1358 IURIDIGA.

732 1461 759 1525 ῐ.
778 1460 832 1522 ΒΕ
853 1461 957 1536 WAL,
985 1451 1182 1540 Emeritos,
1204 1447 1480 1525 commilitonum
1499 1447 1616 1522 studia
1638 1447 1756 1523 iuvare
1784 1446 1908 1521 lubens
1933 1453 2064 1546 perget.

706 1555 711 1564 ¹
734 1581 996 1645 attestante
1016 1571 1229 1648 Stetisticam
1244 1568 1381 1645 Patriae
1398 1567 1604 1668 explicabit,
1629 1567 1753 1642 diebm
1773 1566 1915 1656 Lunae,
1941 1567 2066 1642 Martis

784 1697 821 1766 et
844 1691 1027 1780 Mercurii,
1066 1741 2065 1769 ............................
2204 1688 2255 1762 xl.

831 1810 1024 1887 Historiam
1047 1813 1206 1912 Europae
1226 1809 1504 1909 diplomaticam,
1528 1807 1653 1883 iisdem
1672 1807 1797 1883 diebus
1807 1863 2064 1896 ........
2203 1811 2254 1884 m

833 1932 1080 2007 Oeconomiam
1102 1931 1301 2031 politicam,
1330 1930 1386 2004 die
1408 1930 1500 2003 lovis
1512 1983 2068 2018 ................
2092 1927 2186 2002 lllct
2199 1931 2254 2017 lll,

930 2059 966 2126 et
999 2051 1055 2126 die
1087 2051 1253 2143 Veneris,
1291 2101 2068 2126 ......................
2203 2050 2253 2122 lll.

734 2180 770 2242 R
790 2180 876 2242 VAN
895 2180 1087 2242 BoNllvaL
1107 2181 1238 2241 FAURE
1260 2172 1323 2244 Ius
1335 2168 1443 2244 Civile
1456 2167 1660 2244 hodiernum
1674 2167 1975 2268 interpretabitur,
1990 2168 2062 2243 die·

782 2289 850 2366 bus
877 2291 1018 2379 Lunae,
1043 2289 1189 2378 Martis,
1216 2289 1382 2366 Mercurii
1407 2297 1443 2363 et
1466 2288 1577 2378 lovis,
1614 2340 2064 2364 .............
2188 2292 2254 2364 llll.

830 2409 963 2510 legem
984 2409 1197 2485 Iudiciorum
1218 2410 1452 2510 privatorum,
1476 2408 1605 2484 additis
1628 2410 1931 2486 exercitationibus
1949 2409 2064 2486 foren-

881 2529 998 2623 sibus,
1024 2530 1080 2604 die
1105 2530 1244 2622 Lunae,
1271 2611 1279 2628 ,
1285 2583 2062 2610 ......................
2217 2533 2254 2606 X.

930 2657 965 2725 et
989 2649 1113 2726 diebus
1138 2651 1230 2726 lovis
1256 2658 1291 2724 et
1319 2649 1485 2738 Veneris,
1537 2708 1545 2724 .
2231 2653 2253 2725 l.

829 2773 893 2848 Ius
917 2771 1182 2859 Mercatorium,
1210 2769 1335 2843 dicbus
1358 2769 1497 2856 Lunae,
1523 2769 1648 2844 Martis
1672 2779 1708 2843 et
1732 2771 1897 2846 Mercurii
1906 2829 2061 2860 .....
2231 2775 2252 2846 l.

733 2903 759 2963 Ι.
779 2901 816 2964 lt
837 2901 1044 2964 GOUDSMIT
1069 2888 1362 2987 Interpretabitur
1383 2887 1569 2963 Iustiniani
1588 2890 1845 2980 Institutionee,
1857 2891 2066 2967 diebusLu·

781 3035 867 3102 nae,
890 3010 1017 3086 Martis
1042 3019 1077 3083 et
1101 3009 1288 3097 Mercurii,
1326 3066 2067 3090 .....................
2222 3015 2254 3099 l,

930 3136 966 3204 et
989 3129 1114 3203 diebus
1139 3128 1250 3217 Iovis,
1276 3127 1420 3203 Veneris
1449 3137 1484 3203 et
1509 3129 1650 3205 Saturni
1660 3187 2064 3220 ............
2202 3133 2254 3206 lll.

830 3248 1008 3325 'lbactabit
1023 3249 1276 3324 Pandectarum
1291 3257 1423 3348 partem
1440 3251 1656 3350 generalem,
1672 3252 1865 3327 secundum
1880 3260 2064 3354 systemaa

881 3393 920 3444 se
938 3368 1091 3457 editum,
1113 3368 1236 3443 dicbus
1254 3369 1399 3458 Lunae,
1423 3370 1549 3444 Martis
1569 3378 1605 3445 et
1627 3373 1802 3448 Mercurii.
1840 3373 2064 3450 DieVenerio

880 3488 1162 3587 interpretabitur
1179 3488 1324 3564 Librum
1346 3489 1650 3588 quadragesimum
1671 3501 1807 3568 sextum
1820 3493 2062 3593 Digestorum,
2218 3495 2253 3567 ll.

831 3607 1024 3683 Historiam
1048 3608 1139 3682 Iuris
1163 3607 1314 3682 Romani
1339 3607 1533 3696 enarrabit,
1567 3607 1691 3685 diebus
1715 3610 1828 3700 Iovis,
1856 3609 2001 3687 Veneris
2025 3620 2061 3688 et

881 3728 1023 3804 Saturni
1032 3782 2066 3818 .............................
2215 3736 2252 3806 lt

830 3848 1044 3948 Disputandi
1064 3847 1225 3922 exercitia
1246 3846 1504 3934 moderabitur,
1532 3846 1659 3923 diebus
1678 3857 1714 3923 et
1734 3849 1827 3924 boris
1845 3851 2063 3926 auditoribus

879 3969 1079 4044 commodis.

732 4092 758 4159 Ι.
779 4101 814 4184 Τ.
835 4098 945 4160 13sz
967 4087 1081 4162 tradet
1100 4085 1155 4160 ius
1175 4087 1355 4186 gentium,
1382 4087 1506 4162 diebus
1527 4087 1669 4175 Lunae,
1693 4089 1817 4166 Martis
1829 4100 1865 4167 et
1876 4093 2061 4181 Mercurii,
2198 4094 2251 4166 Xl.

830 4205 1088 4306 Philosophiam
1112 4205 1219 4294 iuris,
1244 4206 1370 4281 bodam
1395 4206 1540 4296 diebus,
1576 4265 2059 4289 ..............
2185 4213 2252 4286 llll.

831 4325 894 4400 Ius
917 4325 1115 4425 publicum,
1141 4323 1264 4400 diebus
1286 4327 1378 4400 Iovis
1402 4334 1439 4403 et
1468 4326 1612 4402 Veneris
1621 4381 2063 4417 .............
2210 4333 2252 4419 Χ,

928 4454 964 4519 et
988 4445 1045 4520 die
1069 4445 1212 4520 Saturni
1220 4498 1774 4533 ................
1789 4445 1792 4451 ’
1803 4503 2064 4527 ........
2200 4453 2252 4526 lll.

734 4581 769 4638 n.
792 4575 826 4636 u.
846 4575 872 4638 1.
899 4574 1158 4636 moonuausn
1184 4566 1245 4638 lus
1265 4565 1441 4642 criminale
1465 4566 1620 4658 docebit,
1645 4566 1770 4645 diebus
1792 4571 1940 4666 Martis,
1966 4573 2059 4650 Mer·

781 4684 869 4762 curii
890 4693 926 4759 et
952 4685 1093 4760 Saturni
1101 4739 2061 4774 ...........................
2213 4691 2254 4777 Χ,

928 4813 964 4878 et
989 4804 1045 4878 dic
1069 4804 1213 4879 Veneris
1219 4854 2064 4894 ........................
2186 4809 2257 4880 llll.
