4962 6178
653 699 737 764 ct
1293 697 1334 760 Μ.
1372 695 1433 760 DE
1466 691 1630 761 vults

575 947 577 952 ·
696 907 804 996 rimo,
846 930 932 1005 puer
970 904 1178 992 imbiberat,
1215 911 1291 976 tum
1331 901 1467 993 studia,
1505 899 1661 999 Linges,
1698 900 1772 976 loco
1806 901 1931 989 natali,
1967 899 2148 991 inchoata,
2188 899 2225 975 in

696 1026 886 1127 Gymnaaio
911 1024 1097 1112 Ieideusi,
1123 1024 1212 1097 duce
1237 1023 1388 1122 primum
1417 1043 1550 1108 asaro,
1575 1019 1702 1094 deinde
1722 1043 1872 1109 sossro,
1897 1019 1947 1093 ita
1965 1017 2109 1094 feliciter
2129 1043 2226 1120 perc·

696 1155 814 1246 gerat,
850 1155 889 1220 ut
919 1145 987 1220 100]
1027 1144 1160 1219 decimo
1193 1151 1290 1216 sexto
1323 1141 1446 1216 aetatis
1477 1162 1569 1215 anuo
1594 1137 1639 1212 ad
1662 1136 1824 1212 lectiones
1847 1137 2062 1212 academicae
2086 1162 2225 1236 promo·

697 1276 841 1342 veretur.
901 1267 984 1345 Quo
1018 1266 1195 1341 occasione
1225 1263 1346 1337 habita
1376 1259 1592 1336 oratiuncula
1627 1261 1690 1334 cde
1726 1267 1873 1334 aeteram
1902 1260 2079 1333 literarum
2111 1263 2226 1334 stadio

686 1389 824 1480 suturis
855 1388 994 1460 medicis
1030 1386 1245 1471 utilissimo’z
1279 1382 1392 1482 palam
1429 1381 1531 1469 fecit,
1568 1379 1690 1478 quanti
1723 1378 1791 1452 iam
1820 1388 1895 1454 tum
1926 1403 2002 1454 eam
2029 1380 2224 1456 studiorum

695 1506 972 1581 coniunctionem
1010 1485 1155 1594 faceret,
1189 1529 1278 1604 quae
1312 1504 1379 1602 ipsi
1412 1511 1533 1601 postca
1562 1497 1786 1576 saluberrima
1819 1498 1897 1574 fuit.
1957 1501 2000 1573 In
2037 1498 2226 1577 Academia

695 1652 765 1700 rem
797 1638 935 1701 strenuo
963 1626 1059 1725 egit,
1090 1625 1287 1712 botanicae,
1315 1623 1505 1700 medicinae
1526 1630 1560 1696 et
1577 1620 1771 1720 chirurgiae
1789 1644 1916 1719 magno
1940 1620 2061 1697 ardore
2085 1647 2224 1722 operam

696 1747 812 1835 dedit,
848 1771 957 1845 eaque
995 1771 1031 1820 se
1067 1745 1321 1820 commendavit
1355 1743 1501 1831 virtute,
1538 1753 1576 1815 ut
1610 1743 1646 1814 in
1685 1741 1872 1816 certamine
1912 1741 2082 1830 literario,
2119 1744 2226 1818 semel

696 1867 922 1942 honorificum
961 1866 1074 1941 laudis
1112 1865 1349 1940 testimonium
1392 1864 1560 1964 adeptus,
1596 1862 1650 1936 bis
1692 1861 1797 1936 victor
1834 1861 1985 1959 patrnam
2026 1873 2223 1961 reportaret.

620 2077 622 2083 A
697 1986 885 2085 Septennio
911 1995 1031 2060 exacto
1058 1985 1209 2058 lauream
1238 1982 1445 2057 doctoralem
1471 1981 1643 2069 obtinuit,
1675 1981 1867 2080 conscripta
1894 1981 2134 2057 dissertatione
2164 1987 2226 2058 nde

697 2109 773 2180 nisa
794 2109 984 2202 formatico
1014 2107 1151 2204 eiusque
1176 2103 1382 2190 erroribus'',
1408 2128 1477 2200 qua
1501 2111 1536 2176 at
1559 2101 1730 2200 praeclara
1753 2101 1864 2175 edidit
1887 2102 2092 2178 eruditionis
2118 2105 2225 2204 speci·

698 2227 792 2301 mina
834 2233 869 2299 et
907 2251 981 2299 eam
1018 2224 1170 2300 exseruit
1205 2224 1330 2298 Latine
1368 2222 1540 2297 scribendi
1575 2220 1796 2309 facultatem,
1838 2222 1929 2295 unde
1965 2223 2155 2323 apparebat
2190 2225 2225 2298 in

700 2347 825 2422 severis
850 2345 1041 2421 medicinae
1061 2346 1186 2420 studiis
1208 2344 1385 2420 literarum
1406 2341 1649 2417 amoenitatem
1672 2366 1740 2416 non
1761 2343 1869 2418 fuisse
1886 2344 2094 2442 neglectam.
2129 2343 2226 2424 Quid

700 2469 846 2556 mirum,
878 2466 1037 2542 iuvenem
1072 2468 1140 2542 iam
1174 2491 1214 2540 ea
1239 2465 1397 2538 floruisse
1419 2462 1690 2551 existimatione,
1718 2471 1757 2538 ut
1777 2463 1908 2563 optima
1936 2489 2097 2564 quaeque
2119 2464 2163 2539 de
2187 2489 2228 2539 eo

697 2595 951 2686 augurarentur
979 2587 1096 2661 idonei
1130 2585 1289 2659 iudices?
1328 2586 1411 2662 Quo
1434 2583 1545 2682 magis
1572 2593 1690 2658 autem
1717 2583 1891 2658 doctrinae
1918 2584 2052 2682 copiam
2077 2585 2227 2684 locuple·

698 2717 804 2795 taret,
830 2706 978 2782 salutare
1002 2705 1247 2806 peregrinandi
1269 2704 1450 2780 consilium
1478 2702 1649 2780 adhibuit.
1702 2704 1809 2804 Regis
1835 2727 2030 2778 curnrrnrrr
2055 2705 2096 2792 I,
2123 2729 2229 2802 quem

621 2809 625 2817 ¹
697 2825 862 2902 eximium
898 2826 1066 2900 fautorem
1109 2826 1282 2913 habebat,
1316 2823 1522 2920 liberalitate
1556 2823 1717 2912 adiutus,
1752 2823 1913 2913 Parisiis,
1946 2823 2117 2910 Barchini,
2151 2822 2230 2897 aliis

697 2947 795 3034 locis,
836 2970 1052 3020 summorum
1094 2947 1243 3020 virorum
1280 2943 1487 3019 lectionibus
1525 2943 1693 3019 interfuit.
1757 2946 1800 3018 In
1838 2945 1985 3044 patriam
2021 2943 2131 3017 redux
2167 2967 2229 3042 per

697 3066 883 3140 triennium
920 3064 983 3141 hac
1016 3066 1052 3138 in
1087 3065 1173 3140 urbe
1205 3063 1411 3140 medicinam
1446 3064 1635 3153 factitavit,
1672 3065 1721 3138 ita
1746 3074 1862 3140 tamen
1894 3074 1933 3140 ut
1962 3065 1997 3138 in
2026 3063 2228 3161 quotidiana

698 3184 887 3258 multarum
919 3167 1035 3258 rerum
1066 3183 1255 3283 agitatione
1281 3209 1302 3258 a
1327 3183 1482 3257 discendi
1506 3183 1623 3259 studio
1646 3184 1804 3260 animum
1830 3210 1899 3260 non
1929 3185 2142 3272 remitteret,
2168 3183 2228 3257 ssd

697 3303 957 3403 investigando,
994 3304 1215 3392 meditando,
1252 3303 1485 3393 lucubranda,
1522 3313 1630 3379 artem
1664 3304 1848 3380 salutarem
1877 3305 2031 3381 excolere
2060 3313 2225 3404 pergeret.

699 3425 806 3502 Quod
835 3433 966 3522 quanto
996 3449 1075 3499 cum
1110 3426 1225 3500 fructu
1257 3424 1391 3513 fecerit,
1419 3431 1523 3499 testes
1547 3433 1629 3500 sunt
1655 3425 1745 3501 duae
1769 3427 2099 3513 commentationes,
2126 3447 2228 3500 aureo

698 3545 850 3644 praemio
871 3553 1031 3634 ornatae,
1058 3570 1204 3644 quarum
1227 3547 1262 3620 in
1284 3546 1390 3620 altera
1413 3546 1457 3620 de
1479 3546 1633 3621 doctrina
1656 3571 1870 3623 saonssasrr
1894 3548 1995 3622 docte
2019 3545 2225 3644 disputavit,

699 3667 733 3738 in
773 3665 879 3740 altera
917 3667 960 3740 de
999 3666 1200 3741 ordinandis
1236 3665 1364 3741 tabulis
1403 3666 1599 3755 stetisticis,
1638 3667 1850 3742 medicorum
1894 3667 1972 3743 usui
2008 3666 2226 3754 necessariis,

699 3795 857 3860 accurate
889 3787 1062 3886 exposuit.
1114 3787 1229 3885 Igitur
1263 3786 1357 3861 haud
1392 3786 1566 3886 vulgarem
1597 3786 1725 3862 famam
1763 3798 1886 3863 nactus
1924 3813 2004 3863 mox
2037 3787 2229 3862 adultiora

700 3915 839 3980 vocatus
875 3914 937 3982 est.
1000 3908 1104 3982 Anno
1140 3907 1231 3981 enim
1274 3909 1368 3980 1830
1399 3907 1435 3980 10
1470 3907 1604 3981 Illustri
1634 3908 2012 3983 Amstelodsmansium
2049 3909 2229 3983 Athenaeo

698 4034 833 4100 oreatus
863 4034 917 4100 est
945 4027 1157 4117 anatomiac,
1187 4036 1262 4102 tum
1287 4028 1323 4101 in
1350 4027 1473 4102 Schola
1494 4027 1627 4102 Clinica
1651 4028 1843 4104 medicinae
1868 4029 2055 4127 professor,
2082 4049 2228 4125 eamque

699 4146 909 4243 provinciam
931 4170 993 4245 per
1019 4147 1182 4222 tredecim
1207 4172 1316 4222 annos
1340 4149 1389 4222 ita
1413 4147 1599 4235 sustinuit,
1627 4157 1666 4221 ut
1689 4159 1726 4222 et
1749 4150 1978 4225 institutionis
2002 4145 2227 4248 praestantia,

699 4276 734 4338 et
769 4265 943 4341 doctrinae
976 4267 1155 4356 ubertate,
1190 4281 1225 4343 et
1256 4267 1487 4367 experientiae
1516 4267 1638 4357 lauda,
1674 4293 1841 4368 magnum
1866 4267 2038 4344 Athenaei
2065 4270 2231 4343 decusat

699 4393 790 4459 esset
815 4393 852 4459 et
878 4387 1071 4462 haberetur.
1124 4389 1403 4467 Quamobrem
1427 4387 1764 4464 huiusAcademiae
1788 4391 1993 4480 Curatores,
2028 4413 2108 4464 cum
2135 4409 2227 4462 anno

702 4507 796 4578 1843
831 4530 1084 4584 mscounrnrur
1115 4508 1277 4584 cathedra
1308 4517 1462 4601 vacaret,
1494 4507 1701 4583 ordinariam
1732 4509 1923 4584 medicinae
1953 4508 2122 4609 practicae
2148 4531 2226 4605 pro·

700 4625 885 4702 sessionem
908 4651 1133 4703 acarnanum
1160 4630 1422 4704 mandaverunt.
1475 4630 1609 4703 Munus
1631 4631 1831 4730 auspicatus
1857 4641 1909 4705 est
1931 4629 2050 4705 habita
2075 4628 2228 4705 oratione

703 4751 766 4822 ude
790 4751 998 4847 perficiendo
1024 4751 1320 4849 pharmacolcpiac
1352 4751 1499 4824 studio.”
1551 4749 1606 4823 Ex
1639 4750 1698 4825 1110
1730 4759 1884 4850 tempore
1921 4763 2037 4825 noster
2071 4749 2161 4838 fuit,
2193 4755 2230 4822 et

700 4869 872 4969 quidquid
910 4869 976 4945 sibi
1013 4879 1105 4945 esset
1140 4869 1292 4969 ingenii,
1330 4869 1514 4957 scientiae,
1549 4869 1707 4968 peritiae,
1742 4871 1779 4944 id
1813 4895 1914 4946 omne
1946 4871 1981 4944 in
2022 4867 2230 4944 Academiae
