4962 6178
850 681 1145 752 'ORATl0.
1729 690 1771 757 29

252 919 315 970 sua
345 893 449 968 laude
483 917 553 967 non
588 891 822 968 defraudanda
856 903 909 967 est
939 895 1071 991 optima
1095 894 1276 982 iuventus,
1312 920 1401 992 quae
1426 902 1556 994 quanto
1582 897 1713 993 patriae
1736 907 1771 971 et

250 1007 565 1092 uberatis'smore
595 1013 749 1100 arderet,
783 1013 886 1086 rebus
911 1013 996 1112 ipsis
1019 1025 1054 1088 et
1078 1015 1176 1088 factis
1201 1014 1294 1090 baud
1318 1016 1424 1090 semel
1452 1015 1645 1090 declaravit.
1696 1016 1771 1090 Nec

250 1137 286 1212 iu
321 1161 405 1235 pace
435 1142 571 1209 tantum
598 1140 633 1207 et
654 1133 724 1207 otio
745 1157 785 1207 ea
805 1134 882 1207 laus
904 1143 1056 1231 spectata
1079 1144 1152 1222 eat,
1178 1135 1239 1208 scd
1265 1137 1299 1209 in
1324 1136 1534 1234 gravissimis
1555 1134 1659 1211 etium
1683 1137 1771 1234 peri·

251 1258 358 1344 culis,
393 1280 473 1330 cum
504 1252 696 1352 respublica
734 1253 778 1326 de
814 1253 924 1327 salute
955 1253 1143 1329 dimicaret.
1195 1255 1301 1333 Quod
1336 1255 1418 1329 olim
1452 1279 1772 1347 cunemannus,

251 1402 333 1452 cum
359 1374 580 1452 Academiam
605 1373 849 1471 inauguraret,
874 1373 1049 1448 auditores
1077 1376 1232 1462 monuit,
1262 1376 1427 1450 neandem
1449 1375 1589 1450 Pallada
1615 1376 1771 1451 bellicam

179 1521 180 1526 ¹
252 1496 422 1571 simulac
453 1493 610 1581 civilem,
642 1516 816 1567 armorum
848 1503 883 1566 et
913 1493 1106 1568 studiorum
1133 1493 1270 1592 vigilem
1304 1521 1378 1570 esse
1404 1497 1597 1594 praesulem
1621 1496 1710 1590 28)”,
1735 1497 1770 1570 id

250 1615 395 1716 posteris
429 1614 534 1688 etiam
572 1638 642 1687 non
677 1612 806 1687 frustra
843 1612 975 1687 dictum
1013 1613 1121 1688 fuisse
1155 1623 1326 1689 testantur
1355 1616 1501 1689 illustria
1525 1614 1561 1689 in
1590 1617 1772 1691 annalibus

249 1735 375 1811 uostris
409 1734 578 1832 exempla.
634 1733 802 1808 Nondum
834 1733 1022 1807 Academia
1056 1734 1209 1834 primum
1245 1735 1419 1809 saeculum
1446 1733 1653 1826 absolverat,
1690 1761 1770 1810 cum

249 1856 320 1952 duo
349 1853 579 1953 potentissimi
605 1878 702 1952 reges
728 1855 764 1927 in
793 1853 1021 1928 Neerlandiae
1051 1855 1236 1952 perniciem
1267 1855 1512 1952 conspirarent.
1558 1853 1771 1930 Lunovrcns

249 1971 339 2050 XIV
369 1999 449 2049 cum
485 1973 619 2072 ingenti
653 1974 805 2046 exercitu
837 1974 872 2046 in
906 1973 1028 2047 harum
1067 1975 1248 2072 regionum
1287 1973 1519 2049 meditullium
1557 1977 1771 2073 penetravit,

249 2096 388 2193 iamque
427 2095 506 2169 huic
544 2093 622 2167 urbi
654 2092 742 2166 ferro
777 2093 919 2191 ignique
953 2092 1187 2168 minitabatur.
1238 2095 1363 2192 Itaque
1390 2094 1480 2167 cives
1506 2093 1592 2167 valla
1616 2095 1772 2184 munire,

250 2215 383 2314 vigilias
406 2203 609 2312 disponere,
642 2213 800 2286 militium
825 2211 941 2300 obire,
967 2213 1083 2286 omnia
1107 2237 1226 2311 parare
1250 2225 1289 2286 ut
1314 2214 1382 2287 vim
1406 2213 1562 2287 cominus
1588 2214 1771 2290 imminen-

249 2346 322 2410 tem
356 2361 377 2410 a
410 2334 593 2409 moenibus
624 2343 783 2414 arcerent,
799 2334 1010 2431 Francisque
1035 2343 1152 2408 contra
1177 2343 1328 2420 starent,
1361 2333 1463 2408 sicuti
1486 2332 1631 2407 maiores
1652 2335 1770 2409 adver·

251 2480 311 2529 sus
347 2453 524 2552 Hispanos
563 2462 740 2526 steterant.
801 2453 892 2524 Tum
932 2477 1010 2526 vero
1047 2454 1178 2550 patriae
1215 2478 1284 2526 non
1322 2453 1505 2527 defuerunt
1539 2455 1772 2532 adolescentes

251 2573 448 2648 academici.
499 2573 632 2669 Magno
669 2571 798 2668 quippe
831 2595 974 2644 numero
1007 2595 1201 2670 magnaque
1233 2573 1406 2648 alacritate
1436 2573 1480 2646 ad
1507 2573 1627 2649 urbem
1654 2576 1771 2652 defen-

251 2693 402 2768 dendam
437 2692 598 2778 accincti,
635 2691 671 2764 in
708 2690 966 2788 praesidiariam
998 2690 1172 2764 cohortem
1210 2691 1394 2788 descripti,
1429 2691 1517 2765 duce
1549 2717 1771 2770 caarsurarvo

163 2819 174 2848 ⁸
250 2834 442 2898 mnanaao,
489 2808 754 2896 Mathematicus
801 2810 1011 2906 professore,
1054 2810 1208 2906 quotidie
1249 2821 1344 2884 arma·
1383 2825 1627 2902 exercuerunt,
1667 2815 1771 2912 inque

250 2937 348 3030 porta
385 2927 499 3018 urbis,
536 2928 593 3002 oui
626 2928 736 3002 Albae
761 2951 887 3001 nomen
912 2938 1003 3016 erat,
1027 2938 1063 3001 ct
1087 2928 1324 3003 adiacentibus
1352 2930 1576 3005 munimentis
1601 2911 1662 3030 per
1685 2934 1771 3008 inte·

250 3050 353 3151 grum
385 3075 515 3126 annum
552 3056 658 3123 noctu
692 3049 824 3148 diuque
858 3050 979 3148 vigiles
1015 3051 1176 3125 custodes
1208 3049 1373 3124 excubias
1398 3060 1560 3148 egerunt,
1586 3052 1716 3149 parati,
1743 3053 1772 3126 si

253 3195 474 3247 anrnracuus
507 3171 685 3258 iussisset,
718 3169 876 3250 hostibus
907 3167 1119 3244 obviam'ire
1145 3182 1181 3245 et
1202 3172 1274 3246 acie
1300 3169 1484 3244 decertare.
1535 3171 1771 3271 Quapropter,

251 3292 338 3366 urbe
371 3292 511 3364 tandem
545 3289 735 3363 obsidionis
767 3304 864 3364 metu
899 3290 1063 3377 liberata,
1097 3315 1117 3365 a
1148 3290 1408 3390 magistratibus
1437 3291 1576 3364 obrem
1603 3294 1772 3390 praeclare

251 3421 386 3510 gestam
419 3409 556 3508 publice
589 3409 721 3484 laudati
753 3419 789 3483 et
820 3409 957 3483 honoria
996 3409 1148 3508 praemio
1180 3411 1292 3485 ornati
1329 3419 1421 3484 sunt.
1471 3409 1546 3483 Nec
1572 3411 1616 3485 ab
1646 3411 1769 3488 horum

251 3531 378 3604 virtute
413 3539 448 3603 et
482 3529 675 3604 constantia
708 3529 1001 3628 degeneraverunt
1036 3540 1189 3628 nepotes.
1241 3530 1351 3604 Cuius
1375 3529 1423 3602 rei
1449 3530 1564 3626 ipsum
1590 3531 1653 3604 hoc
1676 3534 1771 3629 quod

252 3650 398 3724 vivims
419 3651 595 3724 saeculum
620 3649 747 3747 duplex
773 3651 938 3748 spectavit
961 3651 1169 3750 exemplum.
1220 3651 1310 3725 Cum
1340 3649 1431 3724 enim
1461 3672 1672 3739 aanonnoa,
1696 3653 1770 3727 Ilva

250 3770 387 3861 relicta,
419 3794 542 3843 novam
571 3770 783 3844 nostratibus
813 3771 1013 3844 servitutem
1041 3771 1247 3858 intentaret,
1279 3771 1383 3844 huius
1405 3769 1614 3844 Academiae
1637 3770 1770 3844 alumni

252 3891 369 3965 statim
403 3891 448 3964 ad
483 3915 579 3965 arma
612 3889 856 3978 convolarunt,
891 3900 1099 3989 acceptoque
1135 3890 1178 3964 de
1214 3890 1362 3965 victoriis
1392 3891 1436 3962 ad
1469 3890 1699 3968 Quadrivium
1735 3903 1771 3966 et

251 4009 462 4084 Waterloam
495 3997 622 4085 nuncio
658 4011 695 4084 in
729 4011 909 4085 Franciam
946 4011 1062 4098 missi,
1102 4012 1191 4086 duce
1226 4032 1431 4084 annonarco
1460 4009 1636 4110 Principe,
1662 4011 1770 4110 Regis

252 4129 344 4217 filio,
379 4155 439 4229 per
473 4140 542 4203 tres
577 4128 647 4202 fera
679 4153 813 4202 menses
846 4129 881 4202 in
914 4129 1094 4227 praesidiis
1126 4130 1176 4206 ita
1203 4138 1392 4217 steterunt,
1418 4137 1458 4202 ut
1483 4129 1594 4203 multa
1617 4130 1772 4228 quotidie

253 4249 404 4348 pericula
423 4249 619 4347 multosque
638 4247 771 4322 labores
791 4248 923 4322 fortiter
941 4249 1161 4324 sustinerent.
1200 4251 1355 4337 lterum,
1380 4275 1449 4348 quo
1469 4259 1622 4349 tempore
1647 4251 1770 4326 tristis-

254 4369 362 4444 simae
395 4393 474 4443 cum
511 4369 628 4467 Belgis
664 4367 853 4443 discordiae
884 4369 920 4442 in
955 4369 1158 4443 seditionem
1182 4343 1217 4444 e‘t
1239 4369 1368 4444 bellum
1390 4380 1591 4468 eruperant,
1624 4370 1770 4445 studiosi

253 4488 363 4563 nostri
401 4489 494 4563 nulla
527 4512 624 4563 mora
659 4487 860 4586 interposita
892 4488 1051 4570 militiae,
1071 4487 1210 4563 nomina
1237 4488 1360 4562 dantes
1386 4511 1508 4561 novam
1537 4487 1770 4563 formaverunt

256 4606 434 4683 cVelitum
471 4608 692 4682 Leidensium
726 4609 916 4682 centuriam
927 4608 961 4695 ,'’
992 4632 1083 4705 quae
1111 4632 1193 4682 cum
1219 4608 1280 4682 diu
1303 4609 1338 4681 in
1361 4607 1475 4706 Belgii
1500 4608 1628 4682 finibus
1652 4620 1771 4707 sagata

254 4729 423 4815 stetisset,
457 4728 685 4803 Neerlandiae
719 4729 795 4801 iura
816 4753 855 4802 ac
882 4728 1088 4826 dignitatem
1115 4726 1303 4826 pugnando
1328 4727 1431 4801 ctiam
1462 4727 1636 4814 defendit,
1660 4729 1769 4804 Iova-

253 4847 421 4946 niumque
445 4848 564 4922 victrix
586 4848 748 4936 intravit,
773 4872 866 4923 nunc
891 4849 1013 4938 armis,
1039 4858 1079 4921 ut
1105 4846 1187 4922 olim
1211 4848 1366 4922 doctrina
1387 4859 1422 4921 et
1442 4848 1599 4946 ingenio,
1624 4847 1771 4922 aLeida
