4962 6178
724 671 768 738 52
1129 709 1138 718 -
1192 671 1295 738 ACTA
1320 675 1369 738 ET
1393 671 1520 740 Gustu
1546 671 1589 738 ΙΝ
1613 669 1783 739 saltatu.

1401 885 1444 955 A.
1473 883 1578 956 1874.

728 998 796 1072 Die
825 1001 867 1072 15
894 1023 938 1072 nr.
967 999 1129 1074 Ianuarii.
1180 1000 1295 1098 Luget
1328 998 1477 1075 Senatus
1509 999 1644 1074 obitum
1681 998 1742 1074 viri
1765 999 1844 1074 clar.
1872 1001 1916 1074 G.
1940 997 1980 1071 O.
2005 999 2046 1072 B.
2070 998 2247 1097 Suriugar,

897 1119 931 1192 in
956 1119 1133 1194 Facultate
1158 1118 1290 1192 Medica
1313 1119 1517 1193 Professoris
1540 1118 1684 1194 emeriti.

945 1239 1150 1314 Recitantur
1169 1239 1285 1314 literae
1305 1239 1533 1328 curatorum,
1557 1239 1723 1313 Senatum
1741 1239 1917 1314 certiorem
1933 1238 2154 1327 facientium,
2167 1238 2245 1314 clar.

897 1360 1099 1434 Oudemans
1119 1359 1286 1434 vocationi
1307 1359 1341 1432 in
1369 1367 1523 1433 nostram
1548 1359 1773 1434 Academiam
1794 1383 1864 1434 non
1885 1358 2185 1460 obtemperavisse.

945 1480 1130 1554 Candidati
1148 1489 1312 1580 quatuor,
1339 1505 1381 1554 ex
1409 1478 1537 1578 quibus
1562 1479 1597 1554 in
1622 1478 1818 1580 proximum
1842 1505 1972 1555 annum
1997 1479 2244 1555 Academicum

899 1601 1022 1675 Rector
1043 1603 1253 1700 Magnificus
1277 1626 1297 1674 a
1320 1601 1419 1698 Rege
1442 1601 1691 1689 constituatur,
1717 1600 1889 1700 designati
1913 1611 1996 1676 sunt
2019 1600 2083 1676 viri
2103 1602 2183 1676 clar.

1236 1707 1296 1796 A.
1323 1720 1521 1819 Heynsius,

1255 1843 1283 1915 l.
1310 1841 1350 1915 Τ.
1377 1841 1498 1938 Buys,

1257 1962 1285 2035 Ι.
1313 1961 1361 2034 Η.
1388 1960 1571 2047 Scholten,

1252 2081 1293 2156 P.
1320 2105 1383 2153 van
1410 2081 1510 2156 Geer.

940 2199 1126 2275 Candidati
1138 2209 1298 2298 quatuor,
1309 2225 1350 2273 ex
1363 2201 1491 2298 quibus
1504 2200 1651 2299 eligatur
1665 2225 1774 2276 novus
1785 2201 1983 2290 Actuarius,
1996 2208 2078 2276 sunt
2089 2200 2152 2274 viri
2162 2199 2241 2275 clar.

1253 2323 1305 2394 M.
1332 2321 1376 2393 de
1399 2319 1521 2407 Vries,

1255 2443 1300 2515 A.
1326 2441 1367 2514 E.
1393 2439 1423 2514 I.
1449 2438 1702 2528 Moddermau,

1255 2560 1283 2631 l.
1310 2559 1353 2631 A.
1380 2557 1585 2656 Boogaard,
1699 2557 1703 2566 ’

1249 2681 1291 2751 A.
1319 2678 1480 2752 Kueuen.

933 2798 1069 2874 Placuit
1094 2807 1133 2872 ut
1158 2823 1246 2872 novo
1268 2798 1407 2872 Rectori
1429 2799 1611 2896 Magnifice
1637 2799 1835 2871 Assessores
1853 2796 2063 2872 adderentur
2085 2797 2149 2870 viri
2163 2796 2241 2872 clar.

1250 2919 1286 2991 S.
1314 2917 1511 3016 Vissering‚

1251 3037 1291 3112 L.
1318 3039 1362 3112 G.
1388 3039 1428 3112 u.
1455 3037 1706 3126 Rauuenhoff,

1246 3158 1287 3230 E.
1314 3157 1482 3245 Seleuka,

1247 3278 1289 3351 R.
1314 3277 1432 3351 Fruin.

713 3397 779 3469 Die
830 3401 925 3470 9m.
950 3396 1139 3470 Februarii.
1201 3395 1404 3471 Recitantur
1440 3396 1556 3470 literae
1592 3397 1820 3484 (iuratorum,
1855 3397 2022 3469 Senatum
2059 3396 2239 3471 certiorem

881 3515 1102 3604 facientium,
1142 3514 1179 3589 in
1221 3539 1351 3590 annum
1386 3515 1632 3590 Academicum
1677 3517 1855 3592 ineuntem
1893 3541 1913 3589 e
1949 3515 2087 3590 decreto
2126 3517 2239 3616 Regio

883 3637 1064 3711 Rectorem
1100 3635 1330 3734 Magnificum
1363 3644 1514 3708 creatum
1546 3659 1620 3709 esse
1658 3637 1767 3712 virum
1794 3637 1873 3711 clar.
1902 3639 1943 3710 A.
1969 3635 2169 3733 Heynsius,
2203 3637 2237 3708 in

880 3757 1058 3831 Facultate
1083 3755 1216 3830 Medica
1240 3755 1471 3830 Professorem
1496 3755 1718 3831 ordinarium.

929 3877 1055 3950 Rector
1079 3901 1159 3950 cum
1186 3876 1318 3950 Senatu
1341 3877 1591 3964 communicat,
1617 3877 1652 3948 in
1676 3883 1847 3949 conventu
1872 3875 2030 3950 Rectnris
2053 3885 2090 3950 et
2115 3879 2238 3949 usses·

882 4020 998 4070 sorum
1028 4020 1108 4070 cum
1139 3995 1367 4070 (iuratoribus
1395 3995 1513 4070 habito
1538 3997 1742 4069 Actuarium
1770 3996 1916 4070 Senatui
1938 3996 1974 4068 in
1996 4019 2130 4070 aunum
2149 3999 2237 4070 Aca·

879 4115 1053 4189 domicum
1075 4115 1254 4190 ineuntem
1281 4125 1435 4189 creatum
1457 4138 1532 4188 ease
1556 4115 1666 4188 virum
1688 4115 1769 4189 clar.
1796 4115 1848 4189 M.
1873 4115 1917 4189 de
1942 4114 2054 4190 Vries.

928 4233 1056 4307 Rector
1091 4234 1302 4332 Magnificus
1336 4258 1416 4308 cum
1443 4232 1572 4306 Senatu
1599 4241 1635 4304 et
1660 4234 1782 4308 ceteris
1810 4235 2069 4311 Professoribus
2097 4238 2134 4310 in
2163 4237 2239 4311 Au·

880 4351 1044 4425 ditorium
1073 4352 1186 4427 maius
1212 4353 1389 4427 descendit
1414 4360 1450 4425 et
1475 4377 1516 4425 ex
1543 4353 1705 4426 cathedra
1727 4354 1915 4429 orationem
1943 4355 2049 4431 habet
2077 4360 2121 4432 de
2147 4361 2237 4432 Aca·

877 4469 989 4542 demin
1010 4469 1329 4566 duodeno-Batava
1351 4472 1522 4544 lterum
1540 4473 1725 4568 praecidio.

916 4587 1004 4661 Mox
1016 4589 1181 4662 enarratis
1192 4589 1399 4664 Academiae
1409 4589 1500 4676 latis,
1514 4589 1724 4666 solemnibus
1735 4593 1846 4667 verbis
1864 4595 2069 4693 magistratu
2083 4597 2236 4674 decedit.

916 4707 985 4780 His
1018 4708 1163 4806 peractis
1194 4708 1229 4782 in
1262 4709 1461 4783 senaculum
1491 4711 1615 4783 reversi
1647 4711 1857 4788 Professores
1886 4739 2014 4789 novum
2048 4717 2237 4795 Rectorem

877 4826 1104 4926 Magnificum
1132 4828 1338 4925 perofficiose
1364 4829 1526 4902 salutant.

1376 4999 1557 5023 -φ-
