4962 6178
703 606 746 672 30
1297 601 1337 668 ll.
1374 602 1435 666 llll
1469 601 1633 668 vatus

704 820 911 913 superatam.
966 809 1035 884 Sed
1071 833 1139 884 non
1172 805 1338 883 enarrabo
1377 831 1467 906 quae
1506 808 1661 882 omnium
1698 830 1756 880 ore
1796 803 1967 880 celebrata
2004 811 2097 882 sunt.
2158 807 2230 882 Alii

702 935 840 1034 copiose
860 936 1083 1007 narraverunt
1107 930 1179 1022 Β7),
1204 953 1268 1002 nec
1292 929 1476 1026 quisquam
1503 937 1654 1002 vestrum
1678 933 1751 1014 est,
1779 925 1865 1023 quin
1890 923 1936 1001 ab
1959 950 2023 1002 avo
2047 934 2110 1000 aut
2133 935 2228 1026 patre

704 1065 765 1131 aut
792 1054 868 1129 aliis
901 1049 1047 1126 testibus
1077 1049 1221 1124 oculatis
1254 1048 1365 1122 multa
1394 1049 1439 1122 de
1472 1049 1565 1123 hisce
1592 1049 1695 1124 rebus
1718 1045 1899 1121 audiverit.
1937 1046 1985 1120 ut
2006 1047 2070 1121 hos
2093 1054 2129 1122 et
2154 1047 2227 1124 illos

704 1177 780 1250 Rex
816 1193 1040 1248 ournrunnns
1077 1168 1264 1244 honorifico
1297 1168 1409 1242 laudis
1443 1166 1640 1243 testimonio
1666 1165 1858 1254 decoravit,
1893 1172 1932 1240 ut
1961 1167 2023 1264 qui
2049 1167 2093 1242 de
2119 1167 2248 1274 petrin·

705 1297 790 1369 bene
823 1291 1038 1368 meruissent.
1089 1290 1164 1363 Nos
1197 1288 1360 1385 temporis
1396 1288 1571 1387 praeteriti
1606 1285 1807 1362 memoriam
1840 1285 2028 1364 recolentes
2063 1286 2226 1364 iuvenum

702 1423 899 1490 nostrorum
926 1410 1034 1510 gloria
1070 1409 1157 1483 mira
1183 1407 1334 1506 quedam
1360 1408 1547 1483 dulcedine*
1567 1406 1680 1482 afficit.
1732 1406 1813 1480 Non
1842 1414 1896 1480 est
1924 1407 2020 1505 quod
2047 1407 2226 1500 miremur,

702 1532 977 1612 adolescentibus
1006 1529 1165 1617 Batavis,
1200 1528 1262 1626 qui
1296 1528 1390 1602 focos
1420 1552 1535 1602 amare
1567 1537 1726 1625 paternos
1751 1551 1772 1602 a
1796 1527 1924 1602 teneris
1949 1526 2227 1619 didicerunt,in

702 1657 766 1731 bac
799 1650 1007 1737 Academia,
1044 1649 1108 1724 hac
1133 1648 1326 1722 studiorum
1361 1649 1519 1745 vitaeque
1548 1647 1700 1734 ratione,
1737 1646 1800 1721 hac
1827 1645 1983 1721 doctrina
2004 1647 2125 1746 hisque
2150 1657 2226 1724 tou·

703 1787 817 1851 torum
843 1775 995 1847 virorum
1019 1769 1206 1868 exemplis,
1239 1769 1435 1868 ingenitum
1460 1767 1627 1842 libertatis
1649 1790 1801 1842 amorem
1824 1767 1874 1840 ita
1898 1766 1944 1842 ali
1967 1776 2002 1841 et
2023 1769 2163 1868 augeri,
2188 1777 2228 1846 ut

703 1896 747 1970 ad
770 1903 842 1970 tam
870 1891 1041 1992 praeclara
1067 1887 1216 1964 facinore
1238 1888 1509 1964 inflammentur.
1560 1889 1625 1962 Est
1653 1909 1732 1961 vero
1755 1886 1850 1985 quod
1873 1887 1973 1962 nobis
1998 1889 2225 1988 gratulemur,

702 2015 884 2090 coniuncta
914 2011 1112 2086 docentium
1148 2009 1428 2106 discentiumque
1461 2032 1565 2106 opera
1593 2006 1699 2082 fuisse
1725 2005 1906 2095 effectum,
1941 2030 1985 2080 ne
2012 2007 2098 2082 falsa
2126 2008 2227 2084 fuerit

703 2135 869 2209 maiorum
894 2156 993 2229 spes,
1019 2129 1080 2228 qui
1101 2154 1142 2203 eo
1165 2129 1282 2204 animo
1302 2130 1390 2204 bano
1411 2127 1633 2204 Academiam
1658 2127 1723 2201 hac
1745 2126 1781 2199 in
1805 2125 1891 2200 urbe
1912 2127 2164 2218 condiderunt,
2188 2135 2226 2202 ut

701 2253 831 2353 patriae
854 2260 945 2325 esset
968 2248 1135 2324 libertatis
1162 2249 1378 2348 praesidium
1399 2250 1538 2322 firmum
1562 2257 1597 2322 et
1619 2247 1654 2320 in
1684 2245 1820 2322 saecula
1845 2246 2063 2323 duraturum.

751 2374 900 2448 Causam
926 2369 1101 2470 peroravi,
1126 2370 1205 2444 AA.
1258 2370 1313 2443 Ne
1339 2368 1425 2468 quid
1448 2377 1563 2443 tamen
1586 2366 1805 2442 ambitiosius
1825 2373 1887 2440 aut
1908 2367 2113 2443 insidiosius
2132 2393 2225 2468 prae·

701 2494 833 2567 dieasse
866 2491 999 2578 videar,
1032 2489 1174 2564 reticere
1209 2489 1340 2576 nolim,
1377 2513 1481 2587 quam
1516 2488 1596 2562 huie
1628 2485 1838 2562 Academiae
1871 2485 2009 2562 laudem
2038 2488 2226 2579 vindicari,

700 2613 854 2688 eiusdem
879 2619 1008 2686 ceteras
1032 2619 1171 2708 quoque
1199 2609 1237 2682 iu
1262 2609 1373 2708 patria
1396 2616 1513 2684 nostra
1535 2607 1740 2684 Academias
1758 2606 1866 2680 fuisse
1888 2607 2082 2706 participes.
2118 2610 2226 2686 Nam·

642 2743 644 2746 ’
699 2758 767 2831 que
801 2744 836 2806 et
860 2733 1125 2829 Frnnequerana
1151 2739 1187 2804 et
1216 2730 1440 2829 Groningaua
1470 2739 1506 2803 et
1533 2727 1868 2803 Rheno-Treiectina
1892 2734 1927 2801 et
1950 2726 2226 2826 Galae-zapha-

700 2853 796 2940 nica,
829 2851 1050 2947 illustresque
1084 2851 1191 2923 etiam
1228 2849 1482 2924 Amstelodami
1517 2857 1554 2922 et
1587 2848 1795 2923 Darentrioe
1819 2847 1974 2933 scholae,
1999 2845 2044 2920 de
2069 2846 2228 2924 libertale

700 2970 829 3069 optime
850 2977 1062 3042 meruerunt.
1113 2965 1306 3063 inquibus
1329 2968 1491 3042 omnibus
1516 2967 1565 3043 ita
1585 2976 1740 3068 spectata
1761 2976 1814 3042 est
1834 2991 1999 3066 germana
2016 2967 2226 3044 Batavorum

698 3089 852 3177 indoles,
894 3097 934 3160 ut
970 3087 1130 3161 innatum
1170 3087 1362 3185 tyrannidis
1401 3088 1520 3163 odium
1560 3087 1800 3188 libertatisque
1841 3086 2003 3186 spiritum
2046 3087 2227 3164 luculentis

701 3207 907 3283 testimoniis
928 3207 1149 3282 declararent.
1188 3208 1304 3282 Facile
1319 3217 1435 3283 autem
1451 3208 1676 3308 intelligitur,
1703 3210 1779 3283 illas
1796 3208 1922 3283 artium
1938 3232 1978 3282 ac
1994 3206 2226 3285 doctrinarum

699 3329 851 3403 officinas
886 3327 921 3401 in
957 3327 1130 3426 plerisque
1162 3328 1371 3404 Academiae
1406 3329 1570 3404 Leidensi
1601 3329 1695 3404 haud
1724 3328 1874 3404 multum
1898 3327 2006 3404 fuisse
2033 3328 2226 3406 dissimiles.

702 3449 793 3522 Cum
827 3448 920 3521 enim
955 3447 1000 3521 ad
1038 3471 1142 3523 unam
1176 3472 1296 3523 omnes
1319 3475 1360 3524 eo
1386 3459 1542 3548 tempore
1565 3449 1723 3524 conditae
1746 3450 1838 3538 sint,
1863 3474 1933 3547 quo
1959 3450 2043 3525 haee
2072 3474 2135 3525 sua
2158 3449 2226 3524 iam

700 3567 793 3644 fama
824 3567 998 3655 florebat,
1025 3567 1123 3642 aliter
1150 3568 1224 3642 fieri
1258 3568 1312 3644 vix
1340 3571 1454 3668 potuit
1477 3571 1561 3668 quin
1589 3570 1635 3644 ad
1661 3569 1766 3644 huius
1792 3595 1949 3646 normam
1971 3577 2008 3645 et
2035 3571 2227 3670 effigiems

699 3688 866 3787 principio
901 3686 1208 3764 conformarentur.
1261 3690 1342 3768 Quo
1375 3689 1507 3765 lactum
1541 3697 1581 3764 ut
1605 3699 1640 3764 et
1670 3690 1796 3765 iisdem
1828 3689 1999 3766 institutis
2032 3697 2226 3778 uterentur,

700 3821 735 3882 et
759 3809 881 3882 eadem
902 3807 973 3882 fere
998 3809 1129 3882 ratione
1151 3810 1343 3907 eodemque
1364 3812 1480 3886 animo
1504 3811 1720 3886 iuventutem
1750 3811 1937 3885 erudirent.
1989 3810 2097 3886 Suam
2118 3808 2227 3908 igitur

700 3927 765 4000 sibi
796 3926 933 4000 leudem
968 3925 1098 4001 habent
1122 3926 1288 4026 singulae.
1342 3931 1391 4003 At
1415 3927 1519 4003 habet
1543 3929 1607 4002 hoc
1637 3929 1703 4003 sibi
1731 3930 1908 4030 proprium
1933 3929 2017 4005 haee
2039 3927 2227 4004 Academia

699 4045 1021 4142 Lugduno·Batara
1058 4089 1106 4102 -
1143 4048 1251 4145 idque
1280 4047 1397 4145 ipsum
1429 4072 1518 4122 novo
1550 4053 1587 4123 et
1611 4047 1799 4124 clarissimo
1823 4058 2028 4150 argumento
2054 4045 2227 4138 ostendit;

700 4174 868 4263 quantum
892 4164 1042 4240 libertati
1064 4167 1276 4264 praesidium
1298 4167 1406 4242 luerit
1430 4210 1498 4257 -,
1525 4168 1640 4266 quod,
1666 4169 1777 4268 prima
1800 4170 1891 4245 inter
1916 4195 2034 4270 peres,
2059 4195 2128 4244 nou
2150 4169 2227 4269 ipsa

700 4291 836 4358 tantum
870 4307 942 4357 rem
979 4294 1117 4359 strenue
1146 4285 1243 4385 egit,
1279 4287 1341 4361 sed
1378 4297 1509 4363 ceteras
1549 4288 1653 4363 etiam
1687 4313 1750 4363 suo
1784 4291 1945 4390 exemplo
1972 4291 2153 4381 excitavit,
2188 4296 2227 4366 ut

698 4403 821 4476 iisdem
845 4401 990 4500 petriam
1015 4403 1189 4480 beneficiis
1212 4417 1392 4495 ornarent,
1435 4406 1598 4505 fidelique
1622 4409 1804 4484 concordia
1827 4411 2039 4488 carissimam
2064 4410 2226 4486 omnibus

699 4546 838 4598 causam
864 4530 1054 4612 tuerentur.

750 4641 855 4740 Agite
888 4641 1013 4740 igitur,
1046 4642 1157 4732 cives,
1191 4646 1378 4720 saecularia
1404 4648 1562 4747 proxima
1586 4649 1685 4722 luetis
1708 4649 1833 4726 animis
1859 4657 2070 4750 praeparate.
2121 4649 2226 4729 Quod

703 4760 733 4834 si
764 4759 923 4834 libertate
957 4760 1043 4835 nibil
1073 4774 1127 4837 est
1153 4763 1291 4840 homine
1318 4767 1477 4867 dignius,
1502 4767 1588 4843 nibil
1615 4768 1669 4876 ad·
1685 4793 1823 4845 omnem
1846 4769 2044 4846 felicitatem
2069 4769 2226 4867 vitaeque
