4962 6178
868 651 1145 754 enarro
1726 685 1769 751 es

291 895 424 994 Augeri
459 894 688 993 professorum
725 921 909 971 numerum
944 919 1023 970 cum
1066 919 1193 994 magna
1227 873 1362 992 serriper
1391 892 1492 967 nobie
1524 893 1569 966 sit
1592 891 1769 990 voluptas,
1876 980 1880 994 ,

243 1015 293 1090 'Pe
321 1015 428 1090 etiam
455 1015 602 1090 libenter
634 1025 669 1090 et
698 1017 807 1091 amice
837 1017 1053 1115 excepimus,
1080 1015 1133 1090 Ol.
1161 1037 1279 1088 amna.
1338 1014 1448 1101 Nam,
1474 1014 1539 1087 etsi
1562 1013 1770 1088 Academiae

243 1159 312 1211 non
344 1135 578 1235 adscriptum,
614 1137 664 1210 'I'e
703 1145 819 1212 tamen
856 1139 1026 1212 habemus
1062 1136 1228 1234 collegam
1269 1132 1606 1222 aestimatissimum,
1641 1134 1771 1233 quique

245 1257 322 1330 Tua
346 1255 565 1330 institutione
588 1257 714 1330 nostris
737 1283 877 1358 qnoque
902 1256 1179 1333 adolescentibus
1201 1255 1326 1331 eximie
1349 1254 1512 1354 prodesse
1533 1256 1654 1354 possis.
1694 1257 1770 1355 Ego

245 1384 362 1451 autem
396 1400 466 1474 quo
498 1375 604 1449 animi
639 1375 764 1452 affectu
790 1379 839 1451 Te
865 1378 1030 1476 collegam
1059 1375 1298 1467 salutaverim,
1323 1375 1397 1474 ipse
1421 1377 1550 1474 optime
1575 1374 1768 1474 intelliges,

243 1521 348 1594 quem
380 1519 527 1593 puerum
567 1496 634 1569 iam
670 1495 777 1570 habui
810 1497 1018 1598 discipulum
1048 1521 1155 1571 unum
1181 1497 1216 1570 in
1241 1495 1360 1595 paucis
1385 1496 1560 1570 dilectum.
1611 1497 1653 1570 lu
1683 1521 1771 1571 nova

243 1616 307 1690 hac
340 1614 429 1689 vitae
459 1615 607 1691 statione
631 1617 748 1691 omnia
774 1617 854 1692 'I'ibi
880 1643 1043 1718 prospere
1069 1618 1264 1694 succedant.
1315 1617 1634 1694 Ramcnstrantium
1661 1616 1770 1692 Semi·

240 1734 397 1823 narium,
422 1735 504 1810 olim
532 1759 713 1811 nassonem
740 1738 902 1836 auspiciis
929 1739 1129 1830 conditum,
1156 1763 1234 1812 cum
1263 1736 1370 1811 Ieida
1397 1735 1588 1823 exsularet,
1613 1760 1706 1811 nunc
1733 1738 1768 1811 in

240 1854 350 1956 ipsam
378 1855 523 1930 Laidem
558 1857 762 1932 translatum
790 1883 885 1948 esse,
910 1859 1078 1958 Tibique,
1104 1883 1233 1933 munus
1259 1855 1476 1953 suscipienti,
1502 1879 1563 1954 per
1586 1855 1769 1931 Curatores

242 1975 380 2050 licuisse
412 1975 505 2051 hunc
533 1978 649 2077 ipsum
674 1987 881 2078 suggestum
905 1979 1154 2068 conscendere,
1181 2003 1222 2053 en
1248 2001 1327 2050 vero
1349 1975 1517 2049 indicium
1540 2018 1589 2032 -
1615 1985 1654 2050 ut
1678 1988 1770 2052 recte

240 2097 356 2173 aiebas
378 2142 429 2158 -
453 2109 623 2197 quantum
649 2109 785 2174 mutata
811 2101 881 2175 sint
905 2109 1070 2200 tempora.
1121 2101 1175 2173 'Pu
1200 2123 1298 2186 vero,
1324 2095 1515 2184 carissime,
1540 2121 1585 2170 ne
1607 2099 1768 2187 muteris,

242 2219 300 2292 sed
343 2219 536 2295 libertatem
580 2220 760 2296 nobiscum
806 2231 945 2296 strenue
988 2220 1213 2308 vindicando,
1256 2219 1305 2292 ita
1343 2217 1396 2292 fao
1433 2226 1473 2290 ut
1510 2216 1611 2292 nobis
1646 2220 1771 2294 reddas

242 2360 471 2414 arrscoaruu.

292 2457 432 2532 Praeter
465 2459 673 2557 professores
705 2460 763 2533 alii
798 2461 900 2534 etiam
940 2461 1162 2535 Academiam
1203 2467 1327 2532 ornant
1363 2459 1424 2532 viri
1458 2458 1604 2547 eruditi,
1638 2459 1772 2534 diversa

242 2601 387 2652 munera
414 2578 609 2670 obeuntes,
635 2603 781 2677 quorum
811 2603 865 2653 res
888 2580 987 2672 nobis
1011 2604 1112 2654 curae
1135 2578 1298 2675 cordique
1323 2587 1415 2652 sunt.
1469 2579 1592 2676 Itaque
1614 2579 1772 2655 dolemus

244 2697 379 2773 obitum
417 2698 607 2772 doctissimi
643 2722 676 2773 a.
699 2723 738 2774 u.
761 2722 897 2786 aaran,
923 2691 958 2772 in
981 2699 1156 2773 Historiae
1177 2698 1356 2772 Naturalis
1378 2699 1497 2771 Museo
1524 2721 1637 2772 rerum
1663 2700 1770 2774 mine·

240 2816 467 2915 ralogicarum
509 2819 777 2906 conservatoris,
816 2819 878 2891 viri
914 2819 1057 2915 antiqua
1098 2817 1270 2916 probitate
1308 2827 1343 2890 et
1372 2817 1570 2916 integritate
1607 2819 1770 2916 spectati,

240 2962 367 3036 magna
405 2938 560 3013 doctrina
598 2948 633 3012 et
670 2938 849 3038 diligentia
886 2939 1075 3036 conspicui.
1144 2936 1312 3010 Dolemus
1354 2936 1542 3010 discessum
1582 2937 1772 3012 doctissimi

242 3082 273 3133 s.
295 3082 327 3132 c.
348 3081 507 3132 susanna
529 3082 602 3133 vsu
627 3081 915 3147 vonnnunovau,
939 3082 1053 3133 rerum
1074 3056 1283 3130 naturalium
1304 3056 1504 3130 scrutatoris
1525 3056 1771 3154 expertissimi,

241 3176 287 3250 de
320 3178 440 3251 eodem
477 3179 603 3254 Museo
635 3205 697 3279 per
732 3180 861 3253 multos
889 3203 998 3254 annos
1027 3177 1164 3277 egregie
1189 3175 1313 3252 meriti.
1365 3179 1482 3253 Quem
1509 3175 1642 3248 utinam
1672 3175 1771 3248 uobis

241 3293 366 3371 referat
388 3296 628 3372 ornatissimus
651 3322 683 3372 c.
709 3321 892 3387 a1unnsm,
919 3297 1038 3396 quiin
1061 3295 1136 3370 eius
1161 3294 1272 3369 locum
1300 3295 1475 3370 successit.
1512 3295 1631 3369 'Alios
1653 3306 1770 3370 autem

241 3415 342 3489 uobis
363 3441 438 3490 esse
459 3427 609 3492 servatos
633 3427 668 3493 et
691 3419 728 3491 in
750 3417 854 3492 rebus
882 3417 1044 3517 gerendis
1069 3423 1208 3490 strenue
1233 3440 1398 3516 pergere,
1424 3415 1614 3490 admodum
1640 3416 1770 3515 gaude·

240 3559 331 3609 mus.
383 3538 425 3610 In
453 3537 582 3636 quibus
603 3538 836 3612 nominandus
860 3546 914 3612 est
938 3539 989 3611 vir
1008 3537 1237 3636 peritissimus
1259 3561 1296 3612 a.
1318 3560 1454 3624 wrrra,
1483 3535 1587 3610 Horti
1612 3535 1771 3611 Botsnici

240 3655 369 3744 cultor,
395 3657 455 3754 qui
481 3657 517 3730 in
545 3658 758 3756 expositione
784 3657 1050 3733 Vindoboneusi
1075 3683 1116 3732 ea
1140 3656 1251 3730 edidit
1277 3655 1468 3730 industriae
1495 3655 1703 3754 specimina,
1732 3665 1771 3729 ut

241 3775 285 3849 ab
314 3776 557 3851 Illustrissimc
579 3779 743 3853 Austriae
769 3781 980 3878 Imperatore
1005 3777 1141 3877 insigne
1166 3776 1279 3852 laudis
1305 3775 1497 3874 praemium
1526 3774 1654 3850 tulerit.
1696 3775 1771 3847 Nos

229 3896 374 3995 optimo
407 3897 478 3972 viro
513 3899 679 3974 eximium
711 3899 894 3988 honorem,
931 3899 1099 3996 Tibique,
1134 3896 1187 3971 01.
1215 3903 1420 4002 suaruoa'a,
1447 3894 1547 3969 talem
1578 3893 1770 3967 adiutorem

242 4016 467 4115 gratulamur.

293 4137 346 4209 De
386 4137 616 4212 instrumento
656 4147 691 4212 et
726 4146 894 4238 apparatu
927 4137 1122 4212 academico
1159 4161 1228 4211 non
1265 4159 1446 4236 exponam.
1497 4132 1768 4220 Bibliothecam,

242 4277 383 4343 musea,
418 4256 640 4346 laboratoris,
679 4259 797 4333 multis
829 4257 1052 4333 incrementis
1088 4281 1163 4330 esse
1199 4265 1318 4344 aucta,
1355 4255 1615 4351 multorumque
1645 4251 1769 4326 studiis

242 4373 372 4474 insigni
408 4375 514 4451 fuisse
547 4377 768 4469 adiumento,
807 4379 860 4454 vel
894 4403 949 4452 me
987 4403 1055 4452 non
1094 4386 1255 4451 monente
1292 4375 1437 4450 novistis
1472 4398 1603 4449 omues
1649 4373 1767 4484 ¹Plura

242 4493 329 4568 scire
362 4495 584 4594 cupientibus
609 4500 675 4598 ipsi
699 4499 861 4600 praefecti
888 4501 989 4600 plene
1015 4497 1236 4572 satisfacient.
1289 4497 1409 4570 Unum
1434 4505 1549 4568 tamen
1577 4502 1649 4582 est,
1675 4493 1768 4591 quod

242 4623 355 4689 tacere
388 4641 457 4690 uon
491 4643 654 4714 possum,
687 4620 934 4694 Nosocomium
968 4619 1228 4694 Academicum.
1281 4616 1513 4703 Meministis,
1548 4615 1649 4701 AA.,
1679 4637 1770 4711 quae
1902 4658 1913 4670 ·

244 4737 429 4832 quotannis
465 4764 485 4813 a
520 4739 666 4815 Rectore
699 4741 817 4816 iactari
851 4742 998 4815 solerent
1033 4739 1214 4838 querelae,
1250 4761 1330 4812 eum
1368 4737 1510 4837 quidem
1540 4735 1576 4808 in
1606 4733 1769 4819 modum,

243 4861 284 4927 ut
315 4866 406 4932 esset
433 4858 502 4932 iam
538 4859 598 4958 qui
626 4868 811 4936 testaretur
836 4885 872 4935 so
897 4859 981 4936 istas
1006 4883 1191 4958 recoquere
1218 4858 1329 4947 nolle,
1359 4857 1467 4932 anihil
1488 4855 1578 4930 enim
1602 4852 1669 4926 nisi
1691 4860 1770 4925 vota
