4962 6178
694 643 738 709 86
1287 645 1326 710 ld.
1364 644 1427 709 llll
1462 645 1627 712 VlllllS

696 859 733 924 et
763 850 976 926 fortunatum
1013 850 1249 948 sperabamus.
1302 851 1372 926 Sed
1404 851 1500 926 brevi
1531 859 1669 926 tantum
1696 875 1782 926 usus
1807 860 1869 926 est.
1920 850 2032 924 Lenta
2055 848 2136 923 tabe
2162 848 2223 923 ab·

681 981 835 1060 ⁸sumtus
857 997 877 1046 e
903 972 971 1046 vita
993 971 1160 1060 excessit,
1186 995 1425 1071 magnumque
1448 973 1503 1046 sui
1523 972 1733 1047 desiderium
1757 971 1877 1046 multis
1897 969 2046 1070 reliquit.
2085 970 2222 1044 Nomen

695 1101 731 1167 et
755 1094 863 1168 honos
888 1100 923 1166 et
947 1092 1069 1166 laudes
1095 1116 1232 1190 semper
1257 1092 1460 1174 manebunt.

744 1214 837 1286 Dum
868 1213 1030 1312 lugemus
1064 1213 1291 1300 defunctum,
1325 1212 1414 1286 alius
1448 1211 1599 1310 collegae
1633 1213 1740 1286 vicem
1773 1211 1950 1299 dolemus,
1977 1211 2122 1284 viventis
2145 1211 2222 1308 qui·

696 1333 795 1421 dem,
832 1335 892 1407 sed
925 1335 974 1408 ita
1011 1333 1175 1419 viventis,
1214 1340 1253 1406 ut
1291 1332 1347 1405 vix
1386 1357 1463 1432 spes
1483 1329 1485 1335 ’
1502 1356 1681 1430 superesse
1715 1331 1882 1406 videatur.
1933 1331 2098 1405 Chemiae
2129 1331 2221 1405 eninr

695 1454 882 1554 professor,
915 1455 969 1528 Gl.
994 1477 1068 1526 vnn
1094 1478 1167 1527 nnn
1194 1476 1288 1526 noon
1317 1477 1459 1542 raason,
1485 1453 1582 1553 gravi
1605 1452 1726 1527 morbo
1752 1453 1920 1540 afflictus,
1946 1452 2100 1526 muneris
2124 1477 2220 1528 vaca·

694 1575 822 1650 tionem
848 1575 1023 1662 obtinuit,
1050 1575 1079 1647 si
1103 1574 1190 1648 lorte
1214 1573 1285 1647 otio
1306 1583 1342 1646 et
1371 1574 1487 1672 quiete
1512 1574 1745 1649 valetudinem
1769 1595 1969 1671 recuperare
1991 1581 2115 1670 posset.
2151 1574 2221 1647 Sed

694 1695 780 1768 nihil
810 1694 920 1768 otium
962 1703 998 1767 et
1032 1693 1132 1792 quies
1162 1694 1376 1792 profuerunt.
1427 1696 1562 1769 Malum
1588 1696 1624 1768 in
1654 1697 1753 1793 peius
1780 1693 1851 1766 ruit
1874 1715 2070 1791 magnaque
2095 1693 2220 1768 amicos

695 1812 925 1888 sollicitudine
963 1812 1119 1910 quotidie
1160 1821 1255 1885 tenet
1292 1837 1486 1910 suspensos.
1550 1813 1624 1886 Nos
1664 1813 1852 1912 collegam,
1892 1820 2004 1886 aetate
2046 1813 2219 1887 venerabi-

696 1934 782 2020 lem,
817 1940 914 2007 tanta
946 1933 1096 2032 corporis
1130 1932 1306 2030 animique
1336 1933 1536 2008 infirmitate
1562 1933 1795 2022 laborantem,
1827 1933 1968 2032 optimis
1995 1934 2082 2008 rotis
2106 1959 2219 2034 prose·

696 2055 847 2152 quimur.

745 2177 775 2248 Il
809 2175 1006 2249 docentium
1043 2197 1207 2261 numero,
1239 2197 1326 2272 quos
1349 2199 1469 2249 omnes
1493 2175 1602 2250 salvos
1628 2199 1702 2248 esse
1726 2174 1940 2274 gaudemus,
1966 2199 2078 2250 unum
2106 2184 2217 2248 tamen

698 2295 945 2372 desideremus.
997 2295 1051 2370 Ol.
1090 2319 1205 2371 nunus
1241 2294 1354 2382 enim,
1389 2295 1537 2392 ,honesta
1563 2295 1729 2369 missione
1752 2295 1951 2395 impetrata,
1977 2295 2069 2370 ultm
2095 2318 2220 2370 munus

698 2416 880 2515 deposuit,
917 2415 1128 2514 Hagemqne
1162 2415 1283 2505 rediit,
1320 2425 1360 2488 ut
1393 2425 1486 2490 totus
1521 2425 1612 2490 esset
1645 2416 1681 2490 in
1712 2416 1902 2490 exomendo
1932 2423 2005 2489 arte
2036 2414 2217 2490 solutilem.

697 2539 799 2614 Quae
819 2559 893 2623 res,
919 2533 1040 2610 multis
1062 2535 1199 2632 quidem
1223 2535 1382 2634 Haganis
1402 2537 1660 2635 acceptissima,
1687 2535 1788 2610 nobis
1806 2535 1903 2611 haud
1921 2535 2083 2634 exiguam
2103 2536 2220 2610 attulit

696 2656 873 2729 iacturam.
938 2655 1130 2729 Amisimus
1171 2655 1261 2729 enim
1304 2656 1471 2755 collegam
1508 2657 1674 2757 singulari
1709 2658 1792 2730 artis
1827 2655 1980 2730 medicae
2011 2655 2220 2754 experientia

695 2776 909 2875 praeditum,
943 2773 977 2849 in
1006 2765 1169 2849 obeundo
1194 2799 1336 2850 munere
1362 2777 1657 2876 impigerrimum,
1691 2803 1731 2852 ee
1754 2770 1836 2876 erga
1858 2783 2071 2876 aegrotantes
2094 2775 2217 2848 buma-

695 2897 823 2984 nitate,
849 2921 932 2994 erga
956 2895 1144 2994 discipulos
1168 2894 1425 2985 benevolentia,
1451 2923 1531 2997 erga
1557 2899 1685 2973 amicos
1709 2897 1894 2985 fidelitate,
1922 2905 1960 2970 ut
1986 2921 2063 2970 cum
2090 2918 2218 2993 magno

695 3018 882 3091 multorum
916 3015 1032 3089 dolore
1066 3014 1145 3088 hinc
1178 3016 1380 3092 discesserit.
1431 3018 1597 3093 Absentis
1632 3018 1832 3117 memoriam
1857 3027 1892 3092 ot
1915 3017 1982 3092 alia
2009 3015 2218 3091 revocabunt

695 3135 886 3211 industriae
917 3143 1163 3223 monumenta,
1198 3145 1233 3209 et
1267 3137 1352 3210 illud
1378 3139 1627 3214 Nosocomium
1650 3139 1921 3225 Academicum,
1946 3138 2010 3211 lroo
2034 3136 2109 3234 ipso
2130 3160 2219 3208 anno

629 3269 632 3274 '
696 3257 886 3356 perlectum
927 3264 962 3328 et
999 3282 1020 3330 a
1055 3256 1198 3330 medicis
1237 3259 1362 3332 nostris
1397 3269 1615 3359 occupatum.
1666 3263 1709 3335 In
1746 3285 1816 3358 quo
1852 3258 2033 3334 condendo
2070 3267 2218 3357 quantae

695 3375 824 3450 fuerint
855 3398 1002 3456 avunsu
1039 3386 1173 3475 partes,
1210 3377 1258 3451 ita
1290 3380 1462 3454 neminem
1498 3381 1599 3468 latet,
1638 3390 1676 3456 ut
1705 3407 1826 3456 omnes
1850 3407 1921 3455 uno
1945 3405 2004 3455 ore
2028 3385 2215 3465 testentur,

555 3595 558 3602 Ι
696 3520 777 3570 eum
805 3498 858 3571 vel
884 3497 947 3570 hac
973 3497 1044 3571 sola
1072 3521 1109 3571 re
1134 3508 1273 3573 strenue
1299 3509 1397 3599 gesta
1421 3500 1464 3574 de
1485 3502 1674 3577 Academia
1700 3504 1832 3602 optime
1856 3501 2033 3576 meruisse.

744 3618 785 3690 ln
814 3617 926 3691 locum
951 3617 1052 3692 amici
1074 3619 1182 3692 nostri
1206 3619 1358 3694 discessu
1385 3630 1563 3696 vacantem
1588 3623 1642 3696 Tu
1665 3623 1880 3713 successisti,
1905 3623 1958 3696 Cl.
1981 3640 2214 3694 nosnnsrnrn.

694 3737 894 3812 Adventum
931 3748 1031 3812 tuum
1068 3739 1276 3813 Academiae
1307 3740 1463 3838 impense
1496 3743 1722 3841 gratulamur.
1773 3744 1828 3817 Tu
1859 3766 1946 3816 novo
1976 3740 2134 3838 exemplo
2159 3763 2214 3824 es,

696 3882 800 3955 qnam
836 3858 977 3932 salutari
1012 3859 1155 3933 consilio
1188 3860 1333 3934 maiores
1362 3859 1427 3933 boc
1451 3861 1681 3956 instituerint,
1715 3861 1752 3935 in
1776 3861 1944 3961 eligendis
1966 3857 2215 3960 professoribus

695 4001 765 4051 non
786 3977 877 4052 intra
900 3986 1066 4076 angustos
1088 3981 1218 4078 patriae
1240 3981 1326 4054 fines
1345 3979 1552 4068 subsistere,
1579 3983 1658 4070 sed,
1683 3982 1875 4057 dummodo
1894 3981 2047 4080 optimus
2067 3977 2214 4077 quisq‘ue

693 4098 878 4186 invitetrn,
903 4097 1085 4197 indigenas
1111 4109 1313 4199 exterosque
1338 4101 1433 4175 nullo
1461 4101 1656 4176 discrimine
1678 4103 1815 4179 habere.
1865 4104 1920 4177 'I'u
1940 4101 2031 4176 enim
2056 4097 2215 4173 Berolino

693 4217 730 4290 in
763 4219 988 4292 Academiam
1024 4220 1284 4319 Gmninganem
1313 4230 1452 4296 vocatos
1474 4221 1564 4297 hanc
1590 4248 1652 4321 per
1676 4225 1895 4324 septennium
1923 4223 1972 4297 ita
1997 4219 2146 4309 ornasti,
2176 4226 2216 4291 nt

694 4345 874 4437 appareret
910 4337 1003 4412 band
1029 4337 1149 4414 lalsam
1174 4342 1218 4414 de
1245 4342 1294 4415 'Pe
1320 4366 1415 4440 spem
1442 4342 1549 4418 luisse
1574 4353 1781 4444 susceptam.
1832 4345 1937 4417 Nunc
1961 4349 2078 4416 nostro
2102 4337 2216 4413 ordini

693 4455 906 4554 adscriptum
941 4457 1011 4532 iam
1042 4460 1092 4532 'Pe
1126 4463 1350 4560 cognovimus
1388 4464 1552 4546 eximium
1589 4465 1670 4540 huie
1702 4491 1841 4565 qnoque
1872 4462 2081 4539 Academiae
2109 4460 2215 4534 decus

644 4579 645 4585 ’
693 4576 862 4652 futurum.
914 4579 1138 4677 Quantopere
1171 4591 1287 4658 autem
1319 4585 1402 4659 baec
1435 4587 1538 4660 statio
1562 4585 1741 4661 Leidensis
1762 4585 1841 4659 Tibi
1866 4585 1911 4659 sit
1935 4594 2035 4683 grata
2057 4590 2092 4656 et
2118 4604 2212 4665 cora,

693 4697 869 4772 luculento
894 4698 1092 4773 testimonio
1115 4725 1225 4801 nuper
1247 4704 1446 4794 declarasti,
1469 4731 1548 4780 oum
1575 4703 1957 4782 Amstelodamensibus
1982 4704 2031 4778 Te
2054 4701 2213 4776 allectan-

692 4817 806 4906 tibas,
834 4819 1072 4918 pulcherrima
1105 4847 1265 4920 quaeque
1301 4824 1562 4921 pollicentibus,
1600 4829 1796 4900 constanter
1825 4823 1992 4908 restitisti.
2044 4818 2213 4893 Omnium
