4962 6178
909 712 1190 783 0an10.
1766 711 1807 779 13

260 995 263 1002 .
285 921 478 998 instituisse
511 933 631 1001 auctor
665 934 719 999 est
746 949 908 1002 rscrrns.
960 927 1035 1000 Neo
1062 924 1173 1025 magis
1200 923 1328 998 curabo
1353 947 1442 1021 quae
1468 931 1583 997 nostra
1604 930 1811 1021 patrumque

287 1042 452 1118 memoris
487 1043 522 1118 in
551 1044 697 1120 Francia
729 1047 929 1144 praesertim
959 1045 1105 1121 iactatae
1135 1053 1217 1118 sunt
1251 1044 1295 1118 de
1325 1043 1481 1116 libertate
1507 1043 1705 1140 opiniones,
1731 1066 1811 1116 cum

287 1163 571 1262 impotentissimi
593 1165 723 1262 quique
746 1189 910 1240 novarum
938 1190 1054 1241 rerum
1079 1174 1251 1251 auctores,
1284 1163 1456 1261 quidquid
1479 1163 1643 1237 effrenata
1669 1162 1813 1237 libidine

288 1284 508 1371 molirentur,
546 1284 699 1381 specioso
737 1285 801 1360 hoc
839 1287 980 1362 nomine
1017 1285 1300 1361 commendarent
1341 1283 1489 1371 scilicet,
1526 1307 1668 1381 remque
1707 1308 1812 1358 unam

289 1404 444 1478 omnium
479 1401 762 1501 pretiosissimam
799 1408 948 1504 pessimo
985 1407 1100 1481 abusu
1134 1405 1351 1478 infamarent.
1415 1405 1464 1476 At
1503 1426 1668 1501 quorsum
1704 1404 1812 1478 haec?

292 1525 372 1623 Ipse
406 1523 616 1600 Arausiucns
658 1525 814 1624 scripsit,
854 1527 1080 1600 Academiam
1117 1525 1267 1599 libertati
1308 1522 1477 1620 praesidio
1512 1522 1676 1598 suturam.
1740 1524 1815 1598 Nos

291 1668 373 1742 ergo
407 1642 538 1718 nomini
575 1645 743 1733 eandem,
780 1670 884 1744 quam
924 1645 981 1719 ille
1020 1645 1147 1732 voluit,
1187 1645 1253 1716 vim
1288 1668 1327 1716 ac
1365 1651 1570 1740 potestatem
1605 1643 1813 1731 tribuentes,

288 1763 483 1838 libertatem
526 1764 726 1863 simpliciter
765 1765 1033 1863 interpretemur
1075 1791 1116 1839 ex
1161 1761 1413 1838 consuetudine
1453 1762 1540 1836 vitae
1580 1764 1825 1860 sermonisque.

290 1885 417 1973 nostri,
442 1908 592 1983 eumque
615 1885 762 1961 liberum
787 1887 967 1975 dieamus,
993 1888 1074 1985 qui,
1101 1884 1232 1958 nemini
1251 1882 1440 1970 obnoxius,
1467 1907 1529 1955 suo
1549 1881 1690 1994 arbitrio
1707 1881 1816 1956 vivere

291 2005 419 2104 possit,
456 2006 550 2079 salvo
588 2015 706 2080 tamen
742 2007 817 2080 iure
846 2007 968 2083 alieno.
1018 2008 1083 2080 Est
1116 2015 1232 2079 autem
1264 2004 1402 2077 libertas
1437 2002 1584 2100 duplex:
1619 2004 1757 2100 publica
1782 2015 1817 2078 et

268 2124 433 2224 ,privata
475 2124 634 2210 Publica,
662 2151 751 2224 quae
775 2127 904 2200 civium
927 2127 1181 2202 universitatem
1205 2133 1349 2224 spectat,
1376 2133 1415 2197 ut
1434 2123 1521 2195 nulli
1542 2135 1687 2222 tyranno
1705 2149 1818 2223 neque

291 2255 408 2319 extero
452 2269 564 2343 neque
607 2247 796 2321 domestico
835 2248 1002 2336 subiecti,
1044 2247 1115 2321 suis
1153 2245 1289 2345 legibus
1324 2245 1466 2341 suisque
1500 2243 1653 2317 moribus
1687 2245 1820 2343 placide

293 2365 429 2454 vivant,
464 2377 500 2439 et
531 2365 566 2438 in
600 2367 826 2463 procurandis
850 2368 1059 2466 reipublicae
1081 2367 1270 2440 commodis
1298 2389 1362 2438 suo
1384 2364 1532 2462 quisque
1555 2363 1629 2436 iure
1648 2373 1687 2437 et
1709 2363 1819 2438 officio

292 2510 355 2582 pro
391 2484 479 2558 virili
513 2495 611 2582 parte
646 2485 858 2583 iungantur:
894 2512 986 2584 quae
1009 2486 1150 2585 quidem
1180 2487 1319 2561 libertas
1343 2509 1447 2583 quarn
1474 2485 1560 2557 bene
1587 2509 1666 2558 oum
1692 2508 1819 2582 regno,

294 2604 485 2679 dummodo
515 2602 616 2678 iustis
645 2605 777 2678 finibus
804 2606 1083 2703 circumscripto,
1109 2607 1154 2679 sit
1181 2607 1371 2693 sociabilis,
1396 2605 1506 2703 ipsius
1528 2605 1659 2702 patriae
1686 2616 1821 2678 nostrae

293 2724 498 2797 hodiernum
525 2722 722 2821 exemplum
747 2725 887 2798 abunde
915 2726 1052 2800 evincit.
1104 2723 1193 2798 'l'nm
1219 2749 1296 2798 vero
1318 2724 1458 2798 libertas
1480 2733 1533 2796 est
1555 2725 1705 2821 privata,
1732 2749 1821 2821 quae

291 2843 338 2918 ad
378 2842 533 2940 singulos
569 2842 727 2916 homines
761 2843 925 2932 refertur,
964 2855 1004 2917 ut
1034 2843 1222 2941 unicuique
1248 2844 1349 2919 liceat
1372 2845 1408 2917 id
1431 2869 1532 2942 agere
1562 2846 1655 2943 quod
1679 2854 1821 2918 naturae

294 2989 378 3039 ause
408 2971 676 3038 consentaneum
720 2961 788 3051 sit,
823 2963 872 3036 ita
908 2972 1025 3037 tamen
1062 2974 1101 3036 ut
1126 2988 1171 3036 ne
1194 2965 1320 3036 officiat
1344 2964 1494 3056 alterius
1509 2965 1669 3038 libertati.
1722 2965 1822 3042 Quae

295 3109 350 3158 ras
381 3108 461 3158 cnm
494 3083 610 3158 omnis
647 3083 789 3157 omnino
828 3082 916 3156 vitae
955 3083 1108 3181 privatae
1142 3084 1281 3180 negotia
1310 3083 1569 3181 complectitur,
1602 3093 1824 3159 tumentem

296 3203 478 3304 praecipue
503 3212 677 3300 spectatur
701 3204 737 3276 in
762 3203 867 3279 rebus
898 3203 1047 3303 politicis
1069 3213 1103 3277 et
1127 3202 1384 3292 ecelesiasticis,
1411 3212 1450 3276 ut
1470 3205 1609 3278 firmum
1633 3205 1678 3277 sit
1699 3205 1824 3302 cuique

300 3333 335 3398 et
370 3322 613 3396 inconcussum
651 3322 906 3396 sanctissimum
943 3322 1029 3396 illud
1065 3323 1120 3396 ius
1154 3322 1198 3396 de
1233 3323 1336 3396 rebus
1372 3322 1532 3397 humanis
1561 3350 1601 3398 aa
1627 3325 1753 3399 divinis
1775 3326 1825 3401 its

299 3441 470 3518 sentiendi
492 3467 531 3517 ac
551 3442 664 3540 palam
687 3443 845 3530 dicendi,
873 3443 1170 3541 quemadmodum
1189 3455 1251 3517 aut
1271 3442 1380 3515 animi
1400 3445 1607 3520 conscientia
1627 3456 1689 3520 aut
1704 3447 1824 3521 iudicii

298 3562 444 3637 boultas
466 3560 657 3637 dictaverit.
709 3564 774 3636 Est
795 3563 887 3637 enirn
915 3564 979 3636 hoe
1008 3564 1176 3638 libertatis
1201 3562 1404 3662 primarium
1426 3564 1577 3652 bonum,
1605 3576 1642 3639 ut
1663 3567 1707 3640 de
1729 3568 1824 3642 nulla

299 3707 367 3757 uon
400 3707 436 3756 re
472 3693 589 3757 nostro
610 3683 781 3758 arbitratu
805 3684 956 3782 cogitare
982 3709 1022 3757 uo
1050 3684 1200 3783 cogitata
1225 3694 1342 3783 aperte
1369 3685 1485 3782 eloqui
1511 3687 1704 3783 possimus,
1729 3689 1824 3762 nulla

299 3803 492 3901 cuiuspiam
524 3803 728 3877 auctoritate
758 3803 937 3900 impediti,
972 3804 1034 3877 sed
1067 3805 1105 3877 id
1142 3829 1251 3878 unum
1284 3814 1497 3902 spectantes,
1531 3805 1617 3902 quid
1645 3831 1762 3881 verum
1789 3820 1825 3884 et

300 3932 431 3997 rectum
458 3931 493 3995 et
519 3923 722 3997 mortalibus
745 3922 964 4022 profuturum
989 3949 1064 4001 esse
1092 3926 1257 4000 videatur.
1317 3923 1494 4023 Optimam
1521 3925 1673 4022 profecto
1694 3951 1765 4002 rem
1789 3941 1825 4004 et

302 4043 420 4143 generi
443 4043 596 4117 humano
623 4044 724 4118 unice
749 4037 953 4119 salutareml
983 4048 1181 4120 oAuream''
1209 4045 1297 4119 hane
1327 4044 1519 4118 libertatem
1547 4045 1668 4119 merito
1694 4059 1824 4123 nostra·

302 4171 355 4237 tes
380 4162 575 4262 praedicare
598 4164 729 4251 solent,
749 4164 805 4236 cui
828 4163 1054 4240 vindicandae
1072 4191 1112 4240 ac
1135 4165 1300 4238 tutandae
1318 4175 1530 4262 quantopere
1550 4189 1685 4264 semper
1697 4167 1826 4243 luerint

303 4282 447 4369 intenti,
473 4293 508 4357 et
532 4290 607 4356 tota
630 4284 760 4382 patriae
785 4285 927 4359 historia
947 4296 983 4360 et
1011 4287 1095 4360 haec
1117 4286 1192 4384 ipsa
1213 4286 1421 4388 Academia,
1446 4285 1504 4359 illo
1528 4299 1681 4385 tempore
1704 4287 1767 4363 hac
1788 4290 1824 4362 in

304 4402 391 4476 urbs
414 4402 570 4490 condita,
596 4402 773 4478 luculento
797 4405 996 4480 testimonio
1021 4414 1084 4479 est.

353 4523 430 4597 lam
456 4522 484 4595 si
509 4523 705 4620 quaeritur,
732 4525 861 4624 quibus
885 4526 996 4599 modis
1016 4526 1224 4614 Academia,
1249 4549 1339 4624 quae
1362 4525 1429 4601 ulia
1453 4527 1568 4600 omnia
1589 4552 1690 4624 agere
1712 4528 1825 4602 videa·

303 4651 381 4730 tur,
416 4641 587 4740 praesidio
621 4669 695 4718 esse
724 4645 832 4743 possit
854 4645 1022 4732 libertati,
1048 4645 1208 4742 equidem
1234 4671 1271 4719 re
1298 4646 1512 4720 considerata
1536 4657 1685 4744 quatuor
1707 4648 1826 4722 modos

303 4761 444 4861 reperio.
507 4763 665 4839 Primum
698 4765 792 4839 enim
825 4763 910 4864 ipsis
942 4765 1113 4838 institutis
1144 4765 1289 4863 ipsaque
1323 4765 1412 4839 vitae
1448 4766 1662 4840 academicae
1693 4765 1825 4841 ratione

303 4881 431 4958 ciuium
463 4907 606 4959 suorum
640 4895 774 4960 mentes
800 4884 846 4958 ad
872 4884 1065 4960 libertatem
1090 4908 1294 4983 componere
1318 4894 1453 4983 potesta
1479 4895 1555 4960 tum
1580 4884 1726 4961 docendi
1754 4909 1824 4959 me·
