4962 6178
878 637 1159 707 ORATlO.
1738 646 1782 712 2⁷

255 852 351 932 ICtis
387 851 560 952 pmpria.”
585 851 767 948 'Eamque
798 846 992 922 libertatem
1029 871 1201 923 naurrrns
1235 847 1341 922 etiam
1376 853 1413 922 et
1444 871 1643 938 nnzaorns,
1674 851 1780 930 altera

253 963 434 1074 septennio
465 979 586 1048 exarto
612 996 694 1046 oum
722 991 896 1043 rrsrnaro
921 992 1004 1042 sene
1026 969 1064 1042 in
1092 969 1267 1067 integram
1290 968 1460 1060 restituti,
1489 977 1687 1046 constanter
1711 973 1779 1048 sibi

254 1102 474 1171 asseruerunt
504 1092 550 1167 ad
582 1115 664 1165 eum
693 1087 1038 1187 sequentemque
1065 1087 1230 1163 unofato
1257 1088 1360 1164 ambo
1389 1089 1575 1188 perierant.
1625 1089 1779 1182 Videtis,

255 1219 355 1304 Aa,
389 1215 509 1314 quales
543 1213 632 1286 bons
663 1233 767 1284 eausa
801 1208 857 1282 bio
888 1209 1047 1284 habuerit
1080 1208 1293 1298 defensores,
1329 1233 1481 1307 quorum
1505 1210 1642 1286 animus
1665 1213 1718 1287 vel
1742 1213 1779 1288 in
1826 1275 1832 1288 .

257 1338 361 1414 rebus
397 1333 547 1410 adversis
583 1354 652 1404 non
687 1330 913 1428 frangeretur.
980 1330 1050 1404 Sed
1088 1329 1244 1429 graviora
1285 1354 1364 1404 mox
1403 1328 1581 1406 instabant
1618 1331 1780 1430 pericula.

258 1457 374 1536 Patria
396 1454 496 1529 enim
520 1473 772 1526 uarnnnorarrs
794 1449 968 1548 tyrannidi
995 1449 1149 1525 subiecta
1173 1458 1208 1525 et
1235 1449 1271 1524 in
1295 1449 1489 1548 provinciae
1509 1451 1692 1528 Raneieae
1714 1453 1781 1528 for·

261 1601 354 1652 mam
387 1572 533 1672 turpiter
571 1553 727 1660 redacta,
762 1569 950 1645 Academia
984 1576 1102 1644 autem
1137 1569 1378 1646 Universitatis
1413 1569 1615 1645 Parisiensis
1640 1571 1784 1670 imperio

257 1719 439 1795 oppressa,
475 1693 519 1767 de
552 1699 625 1766 tota
660 1690 806 1765 doeendi
843 1690 1002 1765 libertate
1035 1699 1152 1765 aetum
1185 1690 1378 1765 videbatur.
1428 1691 1504 1766 Nee
1525 1715 1634 1766 vanus
1656 1701 1782 1768 metus.

261 1817 409 1891 lubente
431 1813 573 1888 domino
595 1811 786 1911 suspicioso
811 1810 977 1908 abrogata
1002 1820 1055 1885 est
1078 1809 1163 1885 iuris
1187 1811 1344 1909 gentium
1371 1817 1406 1884 et
1428 1818 1572 1886 naturae
1594 1818 1630 1884 et
1655 1812 1786 1910 publiei

263 1935 447 2010 institutio.
511 1933 623 2007 Canto
662 1931 803 2029 quidem
841 1930 1002 2019 oonsilio,
1039 1955 1191 2029 namque
1223 1955 1281 2004 eas
1304 1929 1513 2028 ‚disciplinas
1544 1930 1603 2005 illo
1632 1939 1787 2032 tempore

261 2054 420 2132 tradebat
452 2075 667 2140 armannus,
704 2051 831 2142 indolis
868 2051 998 2126 sineere
1032 2052 1183 2126 Batavee
1220 2050 1435 2125 verissimum
1471 2051 1689 2151 exemplam,
1722 2077 1787 2129 nee

189 2165 192 2173 ’
261 2200 470 2277 quemquam
496 2173 650 2261 latebat,
684 2197 754 2271 quo
778 2172 833 2246 bio
858 2171 978 2247 ardore
1002 2173 1218 2248 iuventutem
1237 2171 1437 2254 incenderet
1460 2178 1515 2261 et,
1540 2171 1657 2248 inille
1681 2173 1787 2248 etiam

262 2298 392 2398 patriae
422 2295 544 2381 ruina,
582 2292 708 2367 animis
738 2293 966 2368 confirmaret.
1019 2293 1069 2367 At
1092 2315 1262 2368 xaurnsr
1288 2317 1433 2382 nomen,
1459 2301 1630 2391 quantum
1653 2293 1688 2367 in
1711 2294 1788 2368 istis

269 2416 444 2493 aerumnis
468 2413 651 2502 solatium,
676 2421 845 2510 quantum
872 2413 1079 2488 Academiae
1097 2412 1328 2512 praesidium,
1354 2419 1525 2511 quantum
1546 2413 1789 2490 adiumentum

265 2556 524 2621 annosarum,
557 2530 684 2605 illustri
715 2553 831 2604 rerum
859 2539 1055 2605 nostrarum
1089 2531 1300 2629 sospitatoril
1343 2531 1451 2606 Nulla
1479 2556 1647 2630 umquam
1675 2543 1789 2624 aetas,

264 2660 312 2732 mi
345 2675 536 2740 surana,
568 2650 771 2726 obliterabit
803 2651 1004 2726 memoriam
1034 2649 1142 2748 patris
1164 2650 1235 2740 tui,
1266 2649 1330 2724 viri
1356 2649 1401 2724 de
1425 2652 1634 2728 Neerlandia
1659 2654 1790 2753 optime

263 2776 397 2863 meriti,
436 2773 558 2847 eonius
595 2771 632 2844 in
664 2771 862 2845 libertatem
897 2771 1132 2846 restituendae
1167 2795 1260 2845 unus
1284 2771 1591 2847 excellentissimus
1613 2781 1733 2848 auctor
1756 2784 1792 2850 et

263 2898 418 2973 adsertor
448 2892 516 2967 fuit
548 2891 637 2983 2³)3'
688 2891 763 2964 Neo
801 2914 970 2987 umquam
1005 2897 1176 2964 nostrates
1208 2891 1320 2987 capiet
1342 2891 1471 2964 oblivio
1495 2891 1588 2966 illins
1608 2892 1695 2982 diei,
1721 2919 1792 2993 quo

264 3017 353 3092 bano
375 3016 557 3089 Musarum
582 3011 724 3099 sedem,
751 2994 806 3086 ¹ab
829 3011 938 3085 altero
961 3033 1166 3086 anrnrrnaro
1188 3013 1206 3083 Ι
1231 3011 1267 3084 in
1294 3010 1480 3109 pristinum
1508 3009 1672 3088 bonorem
1693 3015 1791 3089 resti·

265 3145 399 3222 tutam,
436 3132 568 3208 solenni
604 3131 761 3206 oratione
793 3130 1031 3230 inauguravit,
1062 3129 1220 3230 publicae
1243 3129 1393 3206 laetitiae
1418 3131 1666 3208 disertissimus
1687 3133 1792 3210 inter·

270 3281 358 3356 pres.
409 3253 540 3327 Eodem
576 3252 633 3326 die
671 3251 776 3325 simul
811 3252 1010 3350 auspicatus
1041 3258 1095 3324 est
1128 3251 1238 3349 legem
1266 3251 1310 3324 de
1335 3251 1553 3327 institutione
1578 3253 1793 3345 academius,

268 3374 368 3451 euius
391 3371 592 3446 seribendae
612 3371 687 3470 ipse
711 3393 789 3468 pars
816 3393 941 3468 magna
966 3369 1097 3458 luerat,
1130 3369 1334 3468 prudentiae
1356 3379 1392 3446 et
1418 3372 1635 3449 liberalitatis
1656 3373 1794 3474 insigne

267 3497 526 3570 doeumentum.
576 3489 733 3578 Exinde,
771 3488 835 3563 bae
872 3490 949 3588 lege
984 3489 1140 3589 vigente,
1177 3491 1273 3564 nulla
1302 3490 1386 3566 iam'
1405 3490 1557 3569 libertati
1582 3493 1825 3570 obstiterunt

267 3612 538 3714 impedimenta,
570 3633 716 3708 vereque
746 3609 900 3684 historici
926 3611 1034 3684 nostri
1057 3618 1093 3684 et
1117 3610 1215 3699 IOti,
1245 3613 1518 3712 aquodeumque
1543 3615 1694 3689 manime
1714 3639 1792 3714 pro·

269 3733 383 3810 babile
405 3738 616 3820 ooeurreret‚
641 3730 678 3804 id
700 3754 764 3804 auo
790 3730 864 3804 iure
889 3729 1153 3806 defenderunt.''
1205 3733 1248 3805 In
1272 3732 1401 3830 quibus
1431 3758 1540 3809 unum
1563 3734 1653 3810 inter
1672 3759 1793 3826 omnes

268 3854 479 3929 eminentem
514 3851 738 3950 eognovimus
772 3872 1057 3940 reonancrrrmr,
1094 3861 1272 3926 aeternum
1302 3860 1339 3926 et
1368 3853 1576 3928 Academiae
1603 3861 1639 3928 et
1664 3855 1794 3958 patrias

269 3975 384 4051 deone.
436 3974 548 4047 Ouius
576 3970 638 4045 viri
662 3971 843 4074 disciplina
870 3980 1083 4072 quantopere
1109 3972 1258 4047 libertati
1284 3972 1472 4071 profuerit,
1496 3997 1617 4048 omnes
1641 3983 1704 4049 aut
1728 3973 1795 4074 ipsi

271 4093 488 4170 reeordamur
521 4101 584 4168 aut
610 4093 654 4167 ab
682 4092 815 4167 idoneis
840 4093 990 4168 testibus
1015 4093 1223 4194 aoeepimus.
1273 4095 1305 4168 A
1334 4093 1481 4168 docendi
1506 4103 1624 4169 autem
1652 4119 1795 4172 munere

273 4215 319 4289 ad
337 4213 475 4313 negotia
497 4212 636 4312 publiea
656 4221 911 4312 transgressus,
937 4213 1096 4313 prinoeps
1120 4214 1186 4287 luit
1207 4214 1242 4287 in
1264 4214 1446 4291 condenda
1470 4215 1514 4289 de
1538 4214 1682 4314 imperio
1700 4215 1795 4314 lege,

274 4334 440 4410 libertatis
461 4334 570 4410 eivilis
591 4319 752 4409 firmo‘ae
771 4334 885 4409 stabili
906 4334 1154 4422 fundamento,
1179 4360 1346 4434 eamque,
1372 4335 1417 4410 ad
1437 4333 1646 4435 reipublicae
1668 4335 1797 4435 guber·

275 4454 398 4530 nacula
423 4462 582 4546 vocatus,
606 4462 642 4529 et
662 4454 786 4530 eximie
809 4455 1021 4531 fructuosam
1045 4455 1197 4529 reddidit
1216 4465 1252 4530 et
1273 4481 1438 4532 novarum
1459 4456 1580 4556 legum·
1594 4456 1797 4532 salubritate

274 4575 372 4650 aurit
402 4599 443 4651 se
477 4576 700 4650 oonlirmavit.
752 4576 823 4649 Sed
857 4576 936 4650 nolo
969 4577 1004 4650 in
1039 4575 1101 4648 viri
1127 4575 1410 4652 desideratissimi
1434 4575 1585 4676 imagine
1608 4575 1795 4652 immorari.

272 4695 341 4770 Vix
375 4705 445 4771 tres
479 4721 614 4772 menses
647 4705 731 4770 sunt
765 4719 845 4770 eum
883 4696 1004 4772 harum
1041 4720 1154 4770 rerum
1189 4697 1389 4773 memoriam
1419 4698 1510 4796 grati
1534 4697 1795 4773 celebravimus.

268 4817 361 4892 -llato
393 4825 553 4916 ereptum
588 4816 689 4892 nobis
725 4839 993 4893 rnoanrorrrmr
1023 4817 1194 4904 luximus,
1226 4818 1287 4892 sed
1321 4843 1487 4917 magnum
1512 4842 1555 4893 ex
1577 4841 1619 4892 eo
1642 4817 1798 4916 cepimus

1577 4935 1628 5009 4*
