4962 6178
669 665 713 731 10
1262 669 1302 734 Μ.
1338 670 1401 732 DE
1437 668 1598 735 VRIES

669 884 790 951 exacto
822 875 1064 950 celebrandum
1098 876 1201 949 alacri
1233 875 1350 949 studio
1389 883 1598 974 praeparate.
1651 873 1844 972 Equidem,
1882 901 1961 950 cum
1990 902 2010 950 e
2038 879 2190 952 muneris

669 998 801 1070 ratione
837 995 939 1068 hodie
970 993 1119 1067 officium
1156 994 1242 1067 milri
1275 995 1455 1069 incumbat
1493 1005 1533 1067 ut
1571 993 1708 1093 publice
1742 993 1787 1068 ad
1821 1019 1880 1068 vos
1915 995 2017 1070 rerba
2048 997 2189 1087 faciam,

668 1115 860 1189 curandum
900 1113 1093 1188 existimavi
1134 1125 1173 1187 ut
1209 1139 1249 1188 ea
1285 1115 1321 1187 in
1356 1139 1391 1188 re
1424 1139 1502 1188 mea
1539 1114 1738 1188 consisteret
1769 1112 1899 1202 oratio,
1931 1139 2001 1213 qua
2033 1116 2189 1192 omnium

666 1243 801 1308 mentes
837 1242 1103 1331 praeoccupatas
1140 1258 1214 1307 esse
1246 1233 1495 1332 intelligebam.
1546 1233 1783 1332 Cogitationes
1817 1233 1909 1308 enim
1946 1245 2093 1324 vestras,
2126 1237 2191 1312 boc

665 1353 722 1426 die
754 1354 985 1428 anniversario
1014 1354 1049 1425 in
1083 1377 1186 1427 unum
1221 1356 1442 1429 Academiam
1469 1355 1619 1443 defixas,
1646 1355 1673 1428 si
1697 1354 1764 1426 alio
1791 1355 1958 1428 divertere
1981 1355 2123 1445 vellem,
2151 1366 2190 1431 ut

664 1475 708 1548 de
735 1475 807 1548 loco
832 1474 988 1572 aliquoe
1014 1474 1194 1571 disciplina
1218 1499 1294 1548 mea
1317 1476 1426 1573 petito
1448 1475 1537 1548 mule
1558 1474 1699 1548 sedulus
1719 1473 1944 1561 dissererem,
1968 1474 2189 1574 importunus

662 1619 702 1667 ac
727 1595 893 1667 molestus
916 1593 1002 1666 mihi
1028 1594 1169 1668 viderer.
1220 1595 1299 1666 Non
1327 1603 1443 1671 tamen
1468 1595 1681 1674 committam
1710 1604 1748 1670 ut
1773 1595 1960 1672 successori
1988 1621 2083 1684 meo,
2108 1598 2188 1672 festi
2222 1655 2233 1668 ,

663 1714 845 1788 saecularis
877 1714 1115 1812 panegyristae
1143 1714 1281 1804 tuturo,
1317 1713 1454 1790 dicendi
1480 1713 1657 1788 materiem
1684 1713 1898 1813 praeripiam.
1951 1715 2107 1790 Habebit
2129 1718 2186 1792 ille

662 1859 744 1908 sane
774 1834 1001 1920 uberrimam,
1034 1858 1096 1906 neo
1121 1833 1226 1922 milri,
1252 1836 1372 1922 credo,
1399 1833 1586 1928 invidebit,
1613 1835 1641 1907 si
1665 1859 1768 1908 unam
1793 1835 1877 1909 mihi
1901 1859 2056 1910 sumsero
2082 1839 2185 1935 parti·

660 1955 792 2041 culam,
818 1978 858 2026 eo
883 1954 1051 2027 duntaxat
1077 1954 1218 2027 consiliu
1244 1954 1427 2042 selectam,
1465 1965 1503 2027 nt
1529 1999 1577 2011 -
1604 1955 1697 2054 quod
1726 1978 1839 2030 meum
1867 1982 1941 2030 esse
1964 1959 2110 2032 arbitror
2138 2001 2185 2019 -

660 2074 783 2146 diebus
818 2073 915 2147 festis
949 2073 1052 2146 veluti
1089 2074 1287 2169 praeludarn
1323 2084 1358 2147 et
1393 2075 1437 2148 ad
1469 2075 1621 2148 solennia
1657 2075 1721 2149 rite
1750 2073 1912 2151 obeunda
1942 2102 2000 2151 vos
2031 2078 2182 2154 invitem.

658 2194 916 2292 Argumentum
953 2203 1069 2266 autern
1107 2191 1186 2265 hnic
1224 2195 1399 2290 proposito
1439 2205 1706 2268 consentaneum
1745 2219 1813 2269 non
1853 2197 1976 2271 anxius
2018 2199 2182 2295 quaesivi.

656 2314 807 2387 Fatebor
839 2313 1000 2412 ingenue.
1054 2314 1106 2385 De
1138 2314 1292 2386 oratione
1322 2315 1386 2387 hoc
1411 2315 1467 2386 die
1492 2339 1512 2386 a
1537 2339 1592 2387 me
1618 2315 1777 2388 habenda
1801 2341 1991 2415 numquam
2016 2320 2181 2417 cogitavi,

657 2429 741 2532 q'uin
774 2435 889 2507 atatim
925 2433 1033 2506 menti
1061 2433 1326 2520 obversaretur,
1357 2454 1430 2530 qna
1458 2435 1501 2507 de
1526 2457 1562 2507 re
1586 2457 1696 2510 essem
1718 2436 1885 2511 dicturus.
1933 2437 2034 2515 Quid
2061 2437 2180 2527 selim,

655 2555 859 2652 significabo
892 2553 1003 2626 verbis
1036 2552 1098 2625 riri
1132 2553 1367 2640 celeberrimi,
1404 2577 1528 2650 quem,
1560 2563 1642 2628 ante
1680 2553 1763 2627 haee
1794 2565 1927 2652 septem
1956 2556 2024 2629 iam
2052 2559 2179 2646 lustra,

655 2675 804 2748 seniores
837 2683 988 2748 restrum
1020 2695 1156 2746 mecum
1189 2673 1402 2746 audiverunt
1431 2697 1474 2746 ex
1507 2675 1571 2746 hoc
1609 2675 1685 2771 ipso
1716 2687 1884 2771 suggestu
1914 2676 2084 2750 dicentem
2114 2678 2180 2752 ada

651 2805 838 2894 perpetua,
863 2817 952 2891 qaae
977 2789 1186 2866 Academiae
1203 2791 1365 2863 leidensi
1389 2813 1469 2864 curn
1493 2802 1597 2888 geute
1622 2791 1808 2865 Arausiaca
1829 2793 2038 2882 intercessit,
2062 2818 2178 2870 neces·

647 2915 839 2988 situdine.''
876 2915 974 2986 Inter
989 2913 1055 2986 alia
1070 2934 1158 3008 quae
1174 2923 1257 2984 tunc
1274 2911 1448 3007 eleganter
1465 2909 1626 3008 exposuit
1641 2931 1943 3001 ranacarnrrus,
1958 2916 2177 3011 praedicabat

651 3033 875 3107 Academiam
902 3033 1097 3105 sconditum
1124 3032 1170 3104 iis
1193 3032 1377 3128 auspiciis,
1402 3055 1443 3104 ea
1464 3031 1499 3104 ia
1523 3031 1630 3119 urbe,
1656 3053 1697 3104 eo
1720 3041 1893 3128 tempore,
1918 3055 1960 3106 aa
1984 3033 2176 3124 celeritate,

650 3163 690 3226 ut
719 3163 899 3250 tamquam
926 3152 1094 3225 libertatis
1119 3151 1327 3250 praesidinm
1351 3151 1519 3224 divinitus
1541 3175 1560 3224 e
1589 3152 1683 3224 coelo
1705 3151 1846 3248 delapsa
1869 3173 1944 3226 esse
1968 3153 2176 3230 videretur.”

649 3273 701 3346 Ea
726 3273 846 3362 verba,
871 3273 979 3372 probe
1002 3273 1168 3359 memini,
1195 3295 1250 3345 me
1274 3272 1566 3346 adolescentulum
1594 3271 1736 3343 mirifice
1761 3271 2030 3347 inflammarunt.
2078 3275 2173 3348 (lum

648 3395 740 3468 enim
776 3403 811 3466 et
840 3394 1048 3468 Academiae
1084 3401 1119 3467 et
1153 3390 1319 3464 libertatis
1352 3413 1461 3462 essem
1486 3389 1771 3474 amantissimus,
1807 3399 1995 3487 utrumque
2020 3414 2172 3466 amorem

646 3511 682 3588 in
709 3536 817 3588 unum
840 3515 944 3588 veluti
969 3515 1157 3588 coalescere
1184 3511 1387 3585 sentiebam.
1440 3509 1704 3607 Agnoscebam,
1730 3509 1766 3580 id
1790 3511 1886 3607 quod
1914 3520 2033 3607 postea
2058 3522 2170 3586 matu-

646 3657 704 3709 rae
735 3635 856 3709 aetatis
884 3633 1100 3732 experientia
1125 3633 1268 3706 edoctus
1293 3631 1427 3729 plenius
1446 3631 1623 3716 intellexi,
1656 3627 1848 3702 libertatem
1876 3653 1956 3704 cum
1982 3631 2170 3706 Academia

645 3756 835 3830 arctissimo
872 3755 1008 3828 rinculo
1040 3775 1114 3827 esse
1138 3753 1370 3827 coniunctam.
1423 3752 1471 3824 Ut
1497 3752 1589 3824 enim
1618 3751 1700 3823 haec
1728 3749 1807 3821 siue
1832 3750 1890 3823 illa
1914 3759 2004 3824 stare
2027 3754 2169 3827 orcaino

645 3899 714 3948 non
747 3875 873 3972 possit,
908 3875 958 3946 ita
985 3872 1139 3946 libertati
1175 3894 1312 3969 queque
1337 3871 1477 3944 firmum
1501 3869 1620 3943 deesse
1644 3869 1910 3943 fundamentum
1936 3871 2010 3946 sina
2035 3871 2167 3947 liberali
2268 3915 2273 3920 ·

645 3995 862 4068 institutione
896 3993 1100 4068 academica.
1164 3993 1275 4065 llauto
1306 3993 1423 4089 itaque
1457 3989 1681 4064 Academiam
1712 3989 2038 4065 commendatiorem
2066 3993 2166 4066 nobis

644 4138 719 4190 esse
745 4127 920 4213 oportere,
946 4121 1077 4212 quanto
1094 4112 1264 4186 efficacior
1285 4111 1388 4185 luerit
1409 4112 1455 4185 ad
1481 4111 1744 4184 sustentandam
1771 4109 1975 4185 libertatem.
2028 4112 2166 4209 Inque

643 4257 746 4309 rausa
780 4260 860 4308 curn
895 4235 979 4308 haec
1011 4232 1197 4306 Academia
1230 4231 1409 4304 Leideusis
1440 4251 1512 4304 ram
1546 4232 1596 4303 ita
1622 4229 1752 4327 egerit,
1788 4238 1828 4302 ut
1849 4229 1935 4303 nulli
1957 4231 2097 4305 inferior
2119 4229 2166 4304 sit

643 4353 823 4442 habenda,
850 4355 933 4452 quin
953 4355 1028 4427 lass
1054 4363 1092 4426 nt
1112 4353 1202 4425 banc
1225 4361 1402 4449 tamquam
1430 4354 1602 4450 propriam
1626 4349 1693 4425 sibi
1717 4348 1859 4448 glorians
1886 4351 2053 4437 vindieat,
2080 4351 2164 4425 haee
2291 4399 2296 4410 -

565 4453 568 4460 ⁴
641 4485 732 4548 certe
767 4473 900 4570 optimo
934 4473 1008 4546 iure
1040 4480 1075 4545 et
1108 4469 1285 4544 carissima
1317 4471 1422 4544 nobis
1459 4481 1512 4544 est
1543 4481 1580 4544 et
1618 4491 1699 4542 vero
1732 4469 1951 4567 dignissima,
1979 4491 2040 4567 pro
2060 4471 2162 4544 onius

640 4594 753 4667 salute
788 4602 865 4665 rota
899 4591 1037 4690 publica
1073 4589 1220 4666 libentes
1251 4613 1504 4687 nuncupemus.
1556 4591 1609 4664 En
1641 4590 1710 4662 iam
1738 4589 1875 4663 dicendi
1902 4589 2014 4664 locum
2039 4598 2161 4687 sponte

640 4713 725 4787 mihi
746 4712 924 4799 oblatum,
947 4711 1080 4786 neceb
1109 4711 1213 4785 huius
1234 4711 1307 4784 disi
1331 4712 1535 4785 mercante
1556 4715 1752 4798 absonum,
1779 4733 1841 4784 nec
1866 4709 1918 4783 bis
1943 4709 2160 4783 auditoribus

638 4835 833 4932 indignum.
899 4833 1018 4906 Dicam
1052 4832 1159 4931 igitar
1188 4831 1245 4904 de
1281 4831 1524 4906 Academia
1557 4831 1991 4930 Lugdano·Bstora
2019 4829 2156 4903 liber·
