<?xml version="1.0" encoding="UTF-8"?>
<!DOCTYPE html PUBLIC "-//W3C//DTD XHTML 1.0 Transitional//EN"
    "http://www.w3.org/TR/xhtml1/DTD/xhtml1-transitional.dtd">
<html xmlns="http://www.w3.org/1999/xhtml" xml:lang="en" lang="en">
 <head>
  <title>
</title>
<meta http-equiv="Content-Type" content="text/html;charset=utf-8" />
  <meta name='ocr-system' content='tesseract 3.04.00' />
  <meta name='ocr-capabilities' content='ocr_page ocr_carea ocr_par ocr_line ocrx_word'/>
</head>
<body>
  <div class='ocr_page' id='page_1' title='image "annalesacademic16unkngoog_0056.png"; bbox 0 0 4962 6178; ppageno 0'>
   <div class='ocr_carea' id='block_1_1' title="bbox 800 671 1770 738">
    <p class='ocr_par' dir='ltr' id='par_1_1' title="bbox 800 671 1770 738">
     <span class='ocr_line' id='line_1_1' title="bbox 800 671 1770 738; baseline -0.002 -2"><span class='ocrx_word' id='word_1_1' title='bbox 800 671 1226 738; x_wconf 77' lang='lat' dir='ltr'><strong>ANNOTATlO.</strong></span> <span class='ocrx_word' id='word_1_2' title='bbox 1729 671 1770 734; x_wconf 82' lang='lat'>45</span> 
     </span>
    </p>
   </div>
   <div class='ocr_carea' id='block_1_2' title="bbox 244 881 1839 4703">
    <p class='ocr_par' dir='ltr' id='par_1_2' title="bbox 244 881 1775 1804">
     <span class='ocr_line' id='line_1_2' title="bbox 291 881 1772 973; baseline -0.004 -21"><span class='ocrx_word' id='word_1_3' title='bbox 291 889 332 973; x_wconf 83' lang='lat'>¹⁰)</span> <span class='ocrx_word' id='word_1_4' title='bbox 368 884 496 952; x_wconf 77' lang='lat' dir='ltr'>Salubre</span> <span class='ocrx_word' id='word_1_5' title='bbox 528 885 600 952; x_wconf 50' lang='lat' dir='ltr'>boc¹</span> <span class='ocrx_word' id='word_1_6' title='bbox 621 882 783 951; x_wconf 87' lang='lat' dir='ltr'>dubitandi</span> <span class='ocrx_word' id='word_1_7' title='bbox 814 882 973 949; x_wconf 90' lang='lat' dir='ltr'>consilium</span> <span class='ocrx_word' id='word_1_8' title='bbox 1007 884 1067 949; x_wconf 92' lang='lat' dir='ltr'>iam</span> <span class='ocrx_word' id='word_1_9' title='bbox 1098 883 1137 949; x_wconf 88' lang='lat' dir='ltr'>ab</span> <span class='ocrx_word' id='word_1_10' title='bbox 1171 902 1311 950; x_wconf 79' lang='grc'><strong>11111116</strong></span> <span class='ocrx_word' id='word_1_11' title='bbox 1341 882 1500 970; x_wconf 69' lang='lat' dir='ltr'>discipulis</span> <span class='ocrx_word' id='word_1_12' title='bbox 1530 881 1772 948; x_wconf 87' lang='lat' dir='ltr'>commandatum</span> 
     </span>
     <span class='ocr_line' id='line_1_3' title="bbox 245 983 1772 1079; baseline -0.007 -21"><span class='ocrx_word' id='word_1_13' title='bbox 245 992 360 1070; x_wconf 83' lang='lat' dir='ltr'>fuisse,</span> <span class='ocrx_word' id='word_1_14' title='bbox 395 995 481 1079; x_wconf 88' lang='lat' dir='ltr'>patet</span> <span class='ocrx_word' id='word_1_15' title='bbox 513 1013 551 1056; x_wconf 88' lang='lat' dir='ltr'>ex</span> <span class='ocrx_word' id='word_1_16' title='bbox 583 989 623 1055; x_wconf 88' lang='lat' dir='ltr'>iis</span> <span class='ocrx_word' id='word_1_17' title='bbox 658 1010 735 1074; x_wconf 88' lang='lat' dir='ltr'>quae</span> <span class='ocrx_word' id='word_1_18' title='bbox 769 987 807 1052; x_wconf 91' lang='lat' dir='ltr'>de</span> <span class='ocrx_word' id='word_1_19' title='bbox 837 1008 873 1053; x_wconf 89' lang='lat' dir='ltr'>eo</span> <span class='ocrx_word' id='word_1_20' title='bbox 903 996 1089 1074; x_wconf 81' lang='lat' dir='ltr'><strong>conquestus</strong></span> <span class='ocrx_word' id='word_1_21' title='bbox 1119 992 1165 1053; x_wconf 89' lang='lat' dir='ltr'>est</span> <span class='ocrx_word' id='word_1_22' title='bbox 1195 1007 1448 1067; x_wconf 74' lang='lat' dir='ltr'>acrrnuulrurus,</span> <span class='ocrx_word' id='word_1_23' title='bbox 1478 985 1529 1052; x_wconf 90' lang='lat' dir='ltr'>oui</span> <span class='ocrx_word' id='word_1_24' title='bbox 1555 1008 1591 1050; x_wconf 91' lang='lat' dir='ltr'>ea</span> <span class='ocrx_word' id='word_1_25' title='bbox 1620 983 1772 1049; x_wconf 79' lang='lat' dir='ltr'>dubitatio</span> 
     </span>
     <span class='ocr_line' id='line_1_4' title="bbox 244 1087 1771 1182; baseline -0.007 -20"><span class='ocrx_word' id='word_1_26' title='bbox 244 1095 372 1162; x_wconf 89' lang='lat' dir='ltr'>minime</span> <span class='ocrx_word' id='word_1_27' title='bbox 392 1092 543 1182; x_wconf 75' lang='lat' dir='ltr'>placebat.</span> <span class='ocrx_word' id='word_1_28' title='bbox 580 1092 685 1175; x_wconf 64' lang='lat' dir='ltr'>,Quid</span> <span class='ocrx_word' id='word_1_29' title='bbox 707 1088 786 1172; x_wconf 88' lang='lat' dir='ltr'>est’&#39;,</span> <span class='ocrx_word' id='word_1_30' title='bbox 810 1091 855 1156; x_wconf 87' lang='lat' dir='ltr'>ita</span> <span class='ocrx_word' id='word_1_31' title='bbox 873 1089 993 1172; x_wconf 75' lang='lat' dir='ltr'>scribit,</span> <span class='ocrx_word' id='word_1_32' title='bbox 1019 1090 1261 1172; x_wconf 64' lang='lat' dir='ltr'>,dubitationem</span> <span class='ocrx_word' id='word_1_33' title='bbox 1285 1091 1429 1156; x_wconf 75' lang='lat' dir='ltr'>studiosis</span> <span class='ocrx_word' id='word_1_34' title='bbox 1446 1090 1570 1155; x_wconf 88' lang='lat' dir='ltr'>iniicere</span> <span class='ocrx_word' id='word_1_35' title='bbox 1587 1088 1625 1155; x_wconf 88' lang='lat' dir='ltr'>de</span> <span class='ocrx_word' id='word_1_36' title='bbox 1644 1087 1771 1154; x_wconf 78' lang='lat' dir='ltr'>varitate</span> 
     </span>
     <span class='ocr_line' id='line_1_5' title="bbox 245 1191 1775 1275; baseline -0.008 -9"><span class='ocrx_word' id='word_1_37' title='bbox 245 1199 335 1266; x_wconf 87' lang='lat' dir='ltr'>realia</span> <span class='ocrx_word' id='word_1_38' title='bbox 356 1197 573 1264; x_wconf 73' lang='lat' dir='ltr'>satisfactionis</span> <span class='ocrx_word' id='word_1_39' title='bbox 596 1217 620 1262; x_wconf 95' lang='lat'>1.</span> <span class='ocrx_word' id='word_1_40' title='bbox 645 1193 794 1262; x_wconf 81' lang='lat' dir='ltr'>cnarsrri</span> <span class='ocrx_word' id='word_1_41' title='bbox 830 1193 914 1275; x_wconf 79' lang='lat' dir='ltr'>Quid</span> <span class='ocrx_word' id='word_1_42' title='bbox 938 1200 1002 1275; x_wconf 89' lang='lat' dir='ltr'>est,</span> <span class='ocrx_word' id='word_1_43' title='bbox 1027 1195 1182 1262; x_wconf 88' lang='lat' dir='ltr'>studiosos</span> <span class='ocrx_word' id='word_1_44' title='bbox 1205 1194 1338 1272; x_wconf 86' lang='lat' dir='ltr'>hortari,</span> <span class='ocrx_word' id='word_1_45' title='bbox 1361 1216 1400 1260; x_wconf 88' lang='lat' dir='ltr'>ne</span> <span class='ocrx_word' id='word_1_46' title='bbox 1422 1193 1577 1259; x_wconf 87' lang='lat' dir='ltr'>mordicus</span> <span class='ocrx_word' id='word_1_47' title='bbox 1595 1191 1775 1257; x_wconf 79' lang='lat' dir='ltr'>adhaereant</span> 
     </span>
     <span class='ocr_line' id='line_1_6' title="bbox 246 1295 1773 1390; baseline -0.003 -22"><span class='ocrx_word' id='word_1_48' title='bbox 246 1309 385 1390; x_wconf 84' lang='lat' dir='ltr'>receptae</span> <span class='ocrx_word' id='word_1_49' title='bbox 419 1299 589 1380; x_wconf 87' lang='lat' dir='ltr'>doctrinae,</span> <span class='ocrx_word' id='word_1_50' title='bbox 623 1298 677 1364; x_wconf 89' lang='lat' dir='ltr'>sed</span> <span class='ocrx_word' id='word_1_51' title='bbox 708 1299 811 1364; x_wconf 89' lang='lat' dir='ltr'>omnia</span> <span class='ocrx_word' id='word_1_52' title='bbox 840 1300 874 1364; x_wconf 92' lang='lat' dir='ltr'>in</span> <span class='ocrx_word' id='word_1_53' title='bbox 907 1304 1069 1387; x_wconf 86' lang='lat' dir='ltr'>utramque</span> <span class='ocrx_word' id='word_1_54' title='bbox 1099 1305 1221 1386; x_wconf 44' lang='lat' dir='ltr'>partem,</span> <span class='ocrx_word' id='word_1_55' title='bbox 1244 1322 1361 1388; x_wconf 87' lang='lat' dir='ltr'>semper</span> <span class='ocrx_word' id='word_1_56' title='bbox 1377 1298 1578 1386; x_wconf 85' lang='lat' dir='ltr'>expendant,</span> <span class='ocrx_word' id='word_1_57' title='bbox 1610 1295 1773 1376; x_wconf 83' lang='lat' dir='ltr'>dubitanti</span> 
     </span>
     <span class='ocr_line' id='line_1_7' title="bbox 246 1400 1774 1495; baseline -0.005 -21"><span class='ocrx_word' id='word_1_58' title='bbox 246 1406 324 1475; x_wconf 79' lang='lat' dir='ltr'>Esse</span> <span class='ocrx_word' id='word_1_59' title='bbox 356 1427 464 1495; x_wconf 84' lang='lat' dir='ltr'>graves</span> <span class='ocrx_word' id='word_1_60' title='bbox 498 1405 602 1470; x_wconf 66' lang='lat' dir='ltr'>musas</span> <span class='ocrx_word' id='word_1_61' title='bbox 632 1403 795 1470; x_wconf 89' lang='lat' dir='ltr'>dubitandi</span> <span class='ocrx_word' id='word_1_62' title='bbox 830 1404 868 1469; x_wconf 88' lang='lat' dir='ltr'>da</span> <span class='ocrx_word' id='word_1_63' title='bbox 897 1404 1012 1472; x_wconf 90' lang='lat' dir='ltr'>multis.</span> <span class='ocrx_word' id='word_1_64' title='bbox 1058 1405 1175 1485; x_wconf 76' lang='lat' dir='ltr'>Taceo,</span> <span class='ocrx_word' id='word_1_65' title='bbox 1209 1404 1304 1490; x_wconf 89' lang='lat' dir='ltr'>quod·</span> <span class='ocrx_word' id='word_1_66' title='bbox 1320 1403 1402 1468; x_wconf 89' lang='lat' dir='ltr'>hisce</span> <span class='ocrx_word' id='word_1_67' title='bbox 1433 1401 1540 1468; x_wconf 89' lang='lat' dir='ltr'>diebus</span> <span class='ocrx_word' id='word_1_68' title='bbox 1567 1400 1623 1464; x_wconf 89' lang='lat' dir='ltr'>sim</span> <span class='ocrx_word' id='word_1_69' title='bbox 1652 1400 1774 1466; x_wconf 89' lang='lat' dir='ltr'>locutus</span> 
     </span>
     <span class='ocr_line' id='line_1_8' title="bbox 245 1507 1774 1593; baseline -0.001 -17"><span class='ocrx_word' id='word_1_70' title='bbox 245 1511 400 1591; x_wconf 90' lang='lat' dir='ltr'>studioso,</span> <span class='ocrx_word' id='word_1_71' title='bbox 432 1508 485 1593; x_wconf 88' lang='lat' dir='ltr'>qui</span> <span class='ocrx_word' id='word_1_72' title='bbox 514 1507 555 1574; x_wconf 89' lang='lat' dir='ltr'>D.</span> <span class='ocrx_word' id='word_1_73' title='bbox 579 1527 723 1574; x_wconf 77' lang='grc'><strong>11111116</strong></span> <span class='ocrx_word' id='word_1_74' title='bbox 747 1507 907 1573; x_wconf 85' lang='lat' dir='ltr'>familiaris</span> <span class='ocrx_word' id='word_1_75' title='bbox 930 1516 960 1574; x_wconf 87' lang='lat' dir='ltr'>et</span> <span class='ocrx_word' id='word_1_76' title='bbox 983 1510 1059 1576; x_wconf 89' lang='lat' dir='ltr'>alias</span> <span class='ocrx_word' id='word_1_77' title='bbox 1082 1511 1191 1576; x_wconf 85' lang='lat' dir='ltr'>doctus</span> <span class='ocrx_word' id='word_1_78' title='bbox 1215 1509 1311 1575; x_wconf 84' lang='lat' dir='ltr'>fassus</span> <span class='ocrx_word' id='word_1_79' title='bbox 1339 1513 1402 1588; x_wconf 89' lang='lat' dir='ltr'>est,</span> <span class='ocrx_word' id='word_1_80' title='bbox 1433 1529 1465 1573; x_wconf 88' lang='lat' dir='ltr'>sc</span> <span class='ocrx_word' id='word_1_81' title='bbox 1486 1512 1610 1572; x_wconf 85' lang='lat' dir='ltr'>auctore</span> <span class='ocrx_word' id='word_1_82' title='bbox 1632 1523 1774 1574; x_wconf 77' lang='grc'><strong>11111110</strong></span> 
     </span>
     <span class='ocr_line' id='line_1_9' title="bbox 246 1605 1775 1699; baseline -0.007 -16"><span class='ocrx_word' id='word_1_83' title='bbox 246 1621 278 1685; x_wconf 86' lang='lat' dir='ltr'>et</span> <span class='ocrx_word' id='word_1_84' title='bbox 311 1633 421 1680; x_wconf 80' lang='lat' dir='ltr'>soc1rro</span> <span class='ocrx_word' id='word_1_85' title='bbox 455 1611 591 1678; x_wconf 87' lang='lat' dir='ltr'>iudicare</span> <span class='ocrx_word' id='word_1_86' title='bbox 625 1633 749 1699; x_wconf 86' lang='lat' dir='ltr'>magnas</span> <span class='ocrx_word' id='word_1_87' title='bbox 786 1634 851 1678; x_wconf 90' lang='lat' dir='ltr'>essa</span> <span class='ocrx_word' id='word_1_88' title='bbox 883 1613 1017 1678; x_wconf 86' lang='lat' dir='ltr'>rationes</span> <span class='ocrx_word' id='word_1_89' title='bbox 1045 1612 1207 1680; x_wconf 88' lang='lat' dir='ltr'>dubitandi</span> <span class='ocrx_word' id='word_1_90' title='bbox 1236 1614 1273 1680; x_wconf 88' lang='lat' dir='ltr'>dc</span> <span class='ocrx_word' id='word_1_91' title='bbox 1304 1611 1442 1678; x_wconf 88' lang='lat' dir='ltr'>doctrina</span> <span class='ocrx_word' id='word_1_92' title='bbox 1470 1605 1661 1676; x_wconf 81' lang='lat' dir='ltr'>Trinitatis.”</span> <span class='ocrx_word' id='word_1_93' title='bbox 1696 1607 1775 1673; x_wconf 80' lang='lat' dir='ltr'>Vide</span> 
     </span>
     <span class='ocr_line' id='line_1_10' title="bbox 244 1716 1285 1804; baseline 0 -20"><span class='ocrx_word' id='word_1_94' title='bbox 244 1737 335 1796; x_wconf 76' lang='lat' dir='ltr'>surr,</span> <span class='ocrx_word' id='word_1_95' title='bbox 359 1717 424 1782; x_wconf 68' lang='lat' dir='ltr'>Hel</span> <span class='ocrx_word' id='word_1_96' title='bbox 441 1716 620 1798; x_wconf 67' lang='lat' dir='ltr'>podqelcerd</span> <span class='ocrx_word' id='word_1_97' title='bbox 640 1717 798 1803; x_wconf 78' lang='lat' dir='ltr'>caderroija</span> <span class='ocrx_word' id='word_1_98' title='bbox 819 1717 854 1780; x_wconf 79' lang='lat' dir='ltr'>ic</span> <span class='ocrx_word' id='word_1_99' title='bbox 876 1717 1071 1799; x_wconf 79' lang='lat' dir='ltr'>Naderlocd,</span> <span class='ocrx_word' id='word_1_100' title='bbox 1095 1717 1130 1799; x_wconf 92' lang='lat' dir='ltr'>I,</span> <span class='ocrx_word' id='word_1_101' title='bbox 1154 1741 1185 1804; x_wconf 92' lang='lat' dir='ltr'>p.</span> <span class='ocrx_word' id='word_1_102' title='bbox 1210 1721 1285 1784; x_wconf 88' lang='grc'><strong>100.</strong></span> 
     </span>
    </p>

    <p class='ocr_par' dir='ltr' id='par_1_3' title="bbox 289 1819 717 1904">
     <span class='ocr_line' id='line_1_11' title="bbox 289 1819 717 1904; baseline 0 -20"><span class='ocrx_word' id='word_1_103' title='bbox 289 1820 331 1904; x_wconf 87' lang='lat'>¹¹)</span> <span class='ocrx_word' id='word_1_104' title='bbox 364 1820 412 1884; x_wconf 83' lang='lat' dir='ltr'>De</span> <span class='ocrx_word' id='word_1_105' title='bbox 437 1819 579 1899; x_wconf 80' lang='lat' dir='ltr'>Oratore,</span> <span class='ocrx_word' id='word_1_106' title='bbox 603 1819 638 1898; x_wconf 96' lang='grc' dir='ltr'>Ι,</span> <span class='ocrx_word' id='word_1_107' title='bbox 665 1821 717 1884; x_wconf 85' lang='grc'><strong>55.</strong></span> 
     </span>
    </p>

    <p class='ocr_par' dir='ltr' id='par_1_4' title="bbox 291 1922 1107 2009">
     <span class='ocr_line' id='line_1_12' title="bbox 291 1922 1107 2009; baseline 0.006 -23"><span class='ocrx_word' id='word_1_108' title='bbox 291 1924 331 2008; x_wconf 80' lang='lat'>¹¹)</span> <span class='ocrx_word' id='word_1_109' title='bbox 367 1923 445 1988; x_wconf 85' lang='lat' dir='ltr'>Vide</span> <span class='ocrx_word' id='word_1_110' title='bbox 467 1940 602 1987; x_wconf 79' lang='lat' dir='ltr'>uuuusn</span> <span class='ocrx_word' id='word_1_111' title='bbox 624 1923 733 1988; x_wconf 78' lang='lat' dir='ltr'>Athen.</span> <span class='ocrx_word' id='word_1_112' title='bbox 756 1922 848 2000; x_wconf 78' lang='lat' dir='ltr'>Bac,</span> <span class='ocrx_word' id='word_1_113' title='bbox 873 1947 905 2009; x_wconf 89' lang='lat' dir='ltr'>p.</span> <span class='ocrx_word' id='word_1_114' title='bbox 930 1927 972 1990; x_wconf 80' lang='lat'>24</span> <span class='ocrx_word' id='word_1_115' title='bbox 998 1930 1029 1990; x_wconf 88' lang='lat' dir='ltr'>et</span> <span class='ocrx_word' id='word_1_116' title='bbox 1054 1927 1107 1991; x_wconf 79' lang='lat'>26.</span> 
     </span>
    </p>

    <p class='ocr_par' dir='ltr' id='par_1_5' title="bbox 290 2013 828 2112">
     <span class='ocr_line' id='line_1_13' title="bbox 290 2013 828 2112; baseline -0.007 -20"><span class='ocrx_word' id='word_1_117' title='bbox 290 2029 330 2112; x_wconf 81' lang='lat'>¹⁸)</span> <span class='ocrx_word' id='word_1_118' title='bbox 365 2027 413 2092; x_wconf 85' lang='lat' dir='ltr'>De</span> <span class='ocrx_word' id='word_1_119' title='bbox 438 2024 569 2112; x_wconf 81' lang='lat' dir='ltr'>Officiis,</span> <span class='ocrx_word' id='word_1_120' title='bbox 591 2023 659 2106; x_wconf 87' lang='grc' dir='ltr'><strong>ΙΙΙ,</strong></span> <span class='ocrx_word' id='word_1_121' title='bbox 684 2029 718 2092; x_wconf 83' lang='lat'>4.</span> <span class='ocrx_word' id='word_1_122' title='bbox 825 2013 828 2018; x_wconf 15' lang='grc' dir='ltr'><strong>Δ</strong></span> 
     </span>
    </p>

    <p class='ocr_par' dir='ltr' id='par_1_6' title="bbox 245 2125 1776 2526">
     <span class='ocr_line' id='line_1_14' title="bbox 290 2125 1773 2218; baseline -0.001 -24"><span class='ocrx_word' id='word_1_123' title='bbox 290 2131 331 2214; x_wconf 81' lang='lat' dir='ltr'>l⁴)</span> <span class='ocrx_word' id='word_1_124' title='bbox 369 2128 497 2211; x_wconf 68' lang='lat' dir='ltr'>,Omma</span> <span class='ocrx_word' id='word_1_125' title='bbox 527 2129 560 2192; x_wconf 90' lang='lat' dir='ltr'>in</span> <span class='ocrx_word' id='word_1_126' title='bbox 591 2128 628 2193; x_wconf 92' lang='lat' dir='ltr'>da</span> <span class='ocrx_word' id='word_1_127' title='bbox 658 2129 764 2196; x_wconf 81' lang='lat' dir='ltr'>seldde</span> <span class='ocrx_word' id='word_1_128' title='bbox 795 2130 922 2198; x_wconf 90' lang='lat' dir='ltr'>Schoole</span> <span class='ocrx_word' id='word_1_129' title='bbox 956 2131 1033 2197; x_wconf 87' lang='lat' dir='ltr'>ende</span> <span class='ocrx_word' id='word_1_130' title='bbox 1062 2131 1272 2218; x_wconf 81' lang='lat' dir='ltr'>Universiteyt</span> <span class='ocrx_word' id='word_1_131' title='bbox 1305 2126 1492 2214; x_wconf 87' lang='lat' dir='ltr'>vrijalick</span> <span class='ocrx_word' id='word_1_132' title='bbox 1528 2125 1626 2192; x_wconf 89' lang='lat' dir='ltr'>ende</span> <span class='ocrx_word' id='word_1_133' title='bbox 1660 2147 1773 2213; x_wconf 88' lang='lat' dir='ltr'>open-</span> 
     </span>
     <span class='ocr_line' id='line_1_15' title="bbox 246 2229 1775 2322; baseline -0.003 -23"><span class='ocrx_word' id='word_1_134' title='bbox 246 2232 431 2299; x_wconf 87' lang='lat' dir='ltr'>baerlick</span> <span class='ocrx_word' id='word_1_135' title='bbox 462 2233 499 2298; x_wconf 89' lang='lat' dir='ltr'>da</span> <span class='ocrx_word' id='word_1_136' title='bbox 531 2233 678 2300; x_wconf 89' lang='lat' dir='ltr'>scicntien</span> <span class='ocrx_word' id='word_1_137' title='bbox 706 2234 760 2300; x_wconf 89' lang='lat' dir='ltr'>der</span> <span class='ocrx_word' id='word_1_138' title='bbox 783 2234 956 2322; x_wconf 83' lang='lat' dir='ltr'>Godtheyt,</span> <span class='ocrx_word' id='word_1_139' title='bbox 978 2235 1012 2300; x_wconf 92' lang='lat' dir='ltr'>in</span> <span class='ocrx_word' id='word_1_140' title='bbox 1036 2236 1073 2301; x_wconf 89' lang='lat' dir='ltr'>dc</span> <span class='ocrx_word' id='word_1_141' title='bbox 1095 2235 1251 2316; x_wconf 79' lang='lat' dir='ltr'>Bcohten,</span> <span class='ocrx_word' id='word_1_142' title='bbox 1276 2231 1352 2298; x_wconf 86' lang='lat' dir='ltr'>aude</span> <span class='ocrx_word' id='word_1_143' title='bbox 1375 2229 1566 2309; x_wconf 87' lang='lat' dir='ltr'>Medioinan,</span> <span class='ocrx_word' id='word_1_144' title='bbox 1595 2229 1775 2316; x_wconf 83' lang='lat' dir='ltr'>mitsgaders</span> 
     </span>
     <span class='ocr_line' id='line_1_16' title="bbox 245 2333 1776 2426; baseline -0.004 -22"><span class='ocrx_word' id='word_1_145' title='bbox 245 2336 298 2404; x_wconf 88' lang='lat' dir='ltr'>der</span> <span class='ocrx_word' id='word_1_146' title='bbox 320 2337 560 2423; x_wconf 89' lang='lat' dir='ltr'>Philosopbien,</span> <span class='ocrx_word' id='word_1_147' title='bbox 583 2337 659 2402; x_wconf 88' lang='lat' dir='ltr'>ende</span> <span class='ocrx_word' id='word_1_148' title='bbox 682 2337 737 2402; x_wconf 85' lang='lat' dir='ltr'>elle</span> <span class='ocrx_word' id='word_1_149' title='bbox 761 2339 870 2404; x_wconf 89' lang='lat' dir='ltr'>andere</span> <span class='ocrx_word' id='word_1_150' title='bbox 895 2361 966 2425; x_wconf 78' lang='lat' dir='ltr'>vrpe</span> <span class='ocrx_word' id='word_1_151' title='bbox 989 2345 1176 2406; x_wconf 87' lang='lat' dir='ltr'>constan</span> <span class='ocrx_word' id='word_1_152' title='bbox 1199 2335 1398 2426; x_wconf 82' lang='lat' dir='ltr'>gecondicht,</span> <span class='ocrx_word' id='word_1_153' title='bbox 1423 2334 1542 2420; x_wconf 84' lang='lat' dir='ltr'>gelesen</span> <span class='ocrx_word' id='word_1_154' title='bbox 1565 2333 1640 2399; x_wconf 85' lang='lat' dir='ltr'>ande</span> <span class='ocrx_word' id='word_1_155' title='bbox 1662 2333 1776 2419; x_wconf 84' lang='lat' dir='ltr'>geleert</span> 
     </span>
     <span class='ocr_line' id='line_1_17' title="bbox 245 2429 1693 2526; baseline -0.003 -20"><span class='ocrx_word' id='word_1_156' title='bbox 245 2445 277 2507; x_wconf 90' lang='lat' dir='ltr'>te</span> <span class='ocrx_word' id='word_1_157' title='bbox 301 2438 453 2504; x_wconf 80' lang='lat' dir='ltr'>werden.”</span> <span class='ocrx_word' id='word_1_158' title='bbox 498 2438 546 2505; x_wconf 87' lang='lat' dir='ltr'>Cf.</span> <span class='ocrx_word' id='word_1_159' title='bbox 570 2439 703 2526; x_wconf 82' lang='lat' dir='ltr'>diploma</span> <span class='ocrx_word' id='word_1_160' title='bbox 726 2441 809 2525; x_wconf 89' lang='lat' dir='ltr'>apud</span> <span class='ocrx_word' id='word_1_161' title='bbox 831 2461 1048 2522; x_wconf 80' lang='lat' dir='ltr'>srusnrransrs,</span> <span class='ocrx_word' id='word_1_162' title='bbox 1075 2429 1177 2508; x_wconf 78' lang='lat' dir='ltr'>Garat.</span> <span class='ocrx_word' id='word_1_163' title='bbox 1200 2442 1252 2524; x_wconf 93' lang='lat' dir='ltr'>II,</span> <span class='ocrx_word' id='word_1_164' title='bbox 1282 2441 1366 2508; x_wconf 76' lang='lat' dir='ltr'>Toou.</span> <span class='ocrx_word' id='word_1_165' title='bbox 1390 2461 1426 2505; x_wconf 80' lang='lat' dir='ltr'>aa</span> <span class='ocrx_word' id='word_1_166' title='bbox 1448 2438 1546 2525; x_wconf 83' lang='lat' dir='ltr'>Bijl.,</span> <span class='ocrx_word' id='word_1_167' title='bbox 1570 2462 1601 2524; x_wconf 90' lang='lat' dir='ltr'>p.</span> <span class='ocrx_word' id='word_1_168' title='bbox 1618 2441 1693 2503; x_wconf 82' lang='grc'><strong>000.</strong></span> 
     </span>
    </p>

    <p class='ocr_par' dir='ltr' id='par_1_7' title="bbox 289 2542 636 2630">
     <span class='ocr_line' id='line_1_18' title="bbox 289 2542 636 2630; baseline 0 -24"><span class='ocrx_word' id='word_1_169' title='bbox 289 2545 330 2630; x_wconf 83' lang='lat' dir='ltr'>l¹)</span> <span class='ocrx_word' id='word_1_170' title='bbox 366 2542 446 2610; x_wconf 83' lang='lat' dir='ltr'>Vide</span> <span class='ocrx_word' id='word_1_171' title='bbox 469 2565 541 2608; x_wconf 85' lang='lat' dir='ltr'>aun.</span> <span class='ocrx_word' id='word_1_172' title='bbox 569 2545 636 2625; x_wconf 85' lang='lat'>10).</span> 
     </span>
    </p>

    <p class='ocr_par' dir='ltr' id='par_1_8' title="bbox 244 2644 1776 2937">
     <span class='ocr_line' id='line_1_19' title="bbox 291 2644 1776 2733; baseline -0.001 -21"><span class='ocrx_word' id='word_1_173' title='bbox 291 2648 331 2732; x_wconf 80' lang='lat' dir='ltr'>l⁶)</span> <span class='ocrx_word' id='word_1_174' title='bbox 368 2647 449 2725; x_wconf 62' lang='lat' dir='ltr'>„Ona</span> <span class='ocrx_word' id='word_1_175' title='bbox 479 2647 517 2710; x_wconf 92' lang='lat' dir='ltr'>de</span> <span class='ocrx_word' id='word_1_176' title='bbox 546 2645 677 2730; x_wconf 87' lang='lat' dir='ltr'>vrijbeid</span> <span class='ocrx_word' id='word_1_177' title='bbox 709 2645 763 2709; x_wconf 88' lang='lat' dir='ltr'>der</span> <span class='ocrx_word' id='word_1_178' title='bbox 861 2645 1031 2733; x_wconf 82' lang='lat' dir='ltr'>uitlegging</span> <span class='ocrx_word' id='word_1_179' title='bbox 1061 2646 1114 2712; x_wconf 88' lang='lat' dir='ltr'>der</span> <span class='ocrx_word' id='word_1_180' title='bbox 1143 2646 1185 2711; x_wconf 92' lang='lat' dir='ltr'>H.</span> <span class='ocrx_word' id='word_1_181' title='bbox 1206 2647 1236 2712; x_wconf 86' lang='lat' dir='ltr'>S.</span> <span class='ocrx_word' id='word_1_182' title='bbox 1269 2647 1301 2711; x_wconf 91' lang='lat' dir='ltr'>in</span> <span class='ocrx_word' id='word_1_183' title='bbox 1329 2647 1366 2711; x_wconf 89' lang='lat' dir='ltr'>de</span> <span class='ocrx_word' id='word_1_184' title='bbox 1388 2645 1537 2712; x_wconf 87' lang='lat' dir='ltr'>Leidscbc</span> <span class='ocrx_word' id='word_1_185' title='bbox 1561 2644 1724 2710; x_wconf 83' lang='lat' dir='ltr'>Academia</span> <span class='ocrx_word' id='word_1_186' title='bbox 1746 2651 1776 2710; x_wconf 89' lang='lat' dir='ltr'>te</span> 
     </span>
     <span class='ocr_line' id='line_1_20' title="bbox 244 2745 1774 2834; baseline 0 -22"><span class='ocrx_word' id='word_1_187' title='bbox 244 2748 321 2813; x_wconf 89' lang='lat' dir='ltr'>doen</span> <span class='ocrx_word' id='word_1_188' title='bbox 345 2747 441 2834; x_wconf 88' lang='lat' dir='ltr'>plaats</span> <span class='ocrx_word' id='word_1_189' title='bbox 463 2745 616 2813; x_wconf 81' lang='lat' dir='ltr'>hebbed.&#39;&#39;</span> <span class='ocrx_word' id='word_1_190' title='bbox 671 2746 760 2828; x_wconf 79' lang='lat' dir='ltr'>Quae</span> <span class='ocrx_word' id='word_1_191' title='bbox 784 2747 877 2812; x_wconf 87' lang='lat' dir='ltr'>verba</span> <span class='ocrx_word' id='word_1_192' title='bbox 901 2772 938 2812; x_wconf 87' lang='lat' dir='ltr'>cx</span> <span class='ocrx_word' id='word_1_193' title='bbox 962 2748 1089 2834; x_wconf 85' lang='lat' dir='ltr'>epistola</span> <span class='ocrx_word' id='word_1_194' title='bbox 1111 2748 1312 2830; x_wconf 77' lang='lat' dir='ltr'>Cunctorum,</span> <span class='ocrx_word' id='word_1_195' title='bbox 1345 2749 1375 2814; x_wconf 91' lang='lat' dir='ltr'>d.</span> <span class='ocrx_word' id='word_1_196' title='bbox 1401 2751 1440 2812; x_wconf 90' lang='grc'>10</span> <span class='ocrx_word' id='word_1_197' title='bbox 1464 2747 1552 2812; x_wconf 78' lang='lat' dir='ltr'>Febr.</span> <span class='ocrx_word' id='word_1_198' title='bbox 1575 2771 1602 2812; x_wconf 91' lang='lat' dir='ltr'>a.</span> <span class='ocrx_word' id='word_1_199' title='bbox 1628 2750 1712 2812; x_wconf 76' lang='lat'>1612</span> <span class='ocrx_word' id='word_1_200' title='bbox 1736 2748 1774 2812; x_wconf 91' lang='lat' dir='ltr'>ad</span> 
     </span>
     <span class='ocr_line' id='line_1_21' title="bbox 245 2849 1732 2937; baseline -0.003 -17"><span class='ocrx_word' id='word_1_201' title='bbox 245 2871 434 2920; x_wconf 69' lang='lat' dir='ltr'>mamalum</span> <span class='ocrx_word' id='word_1_202' title='bbox 458 2851 544 2932; x_wconf 90' lang='lat' dir='ltr'>data,</span> <span class='ocrx_word' id='word_1_203' title='bbox 569 2851 678 2916; x_wconf 86' lang='lat' dir='ltr'>citavit</span> <span class='ocrx_word' id='word_1_204' title='bbox 701 2871 793 2930; x_wconf 78' lang='lat' dir='ltr'>sure,</span> <span class='ocrx_word' id='word_1_205' title='bbox 817 2851 881 2914; x_wconf 77' lang='lat' dir='ltr'>Hal</span> <span class='ocrx_word' id='word_1_206' title='bbox 900 2852 1078 2933; x_wconf 75' lang='lat' dir='ltr'>podpeleerd</span> <span class='ocrx_word' id='word_1_207' title='bbox 1094 2854 1251 2937; x_wconf 76' lang='lat' dir='ltr'>cadereoija</span> <span class='ocrx_word' id='word_1_208' title='bbox 1273 2854 1306 2917; x_wconf 82' lang='lat' dir='ltr'>ia</span> <span class='ocrx_word' id='word_1_209' title='bbox 1328 2853 1522 2933; x_wconf 84' lang='lat' dir='ltr'>Nederland,</span> <span class='ocrx_word' id='word_1_210' title='bbox 1545 2849 1577 2929; x_wconf 92' lang='lat' dir='ltr'>I,</span> <span class='ocrx_word' id='word_1_211' title='bbox 1600 2872 1631 2937; x_wconf 90' lang='lat' dir='ltr'>p.</span> <span class='ocrx_word' id='word_1_212' title='bbox 1657 2853 1732 2916; x_wconf 81' lang='lat'><strong>219.</strong></span> 
     </span>
    </p>

    <p class='ocr_par' dir='ltr' id='par_1_9' title="bbox 292 2953 1511 3042">
     <span class='ocr_line' id='line_1_22' title="bbox 292 2953 1511 3042; baseline -0.002 -24"><span class='ocrx_word' id='word_1_213' title='bbox 292 2958 332 3040; x_wconf 82' lang='lat'>¹⁷)</span> <span class='ocrx_word' id='word_1_214' title='bbox 368 2954 419 3020; x_wconf 85' lang='lat' dir='ltr'>cf.</span> <span class='ocrx_word' id='word_1_215' title='bbox 443 2974 516 3022; x_wconf 76' lang='grc'><strong>11111</strong></span> <span class='ocrx_word' id='word_1_216' title='bbox 539 2953 572 3018; x_wconf 90' lang='lat' dir='ltr'>in</span> <span class='ocrx_word' id='word_1_217' title='bbox 594 2954 730 3042; x_wconf 77' lang='lat' dir='ltr'>Aradios</span> <span class='ocrx_word' id='word_1_218' title='bbox 748 2976 818 3020; x_wconf 85' lang='lat' dir='ltr'>ooor</span> <span class='ocrx_word' id='word_1_219' title='bbox 840 2955 1013 3040; x_wconf 71' lang='lat' dir='ltr'>Kerkelrjke</span> <span class='ocrx_word' id='word_1_220' title='bbox 1038 2955 1155 3034; x_wconf 70' lang='lat' dir='ltr'>(laced,</span> <span class='ocrx_word' id='word_1_221' title='bbox 1180 2954 1244 3034; x_wconf 92' lang='lat' dir='ltr'>IX,</span> <span class='ocrx_word' id='word_1_222' title='bbox 1268 2979 1298 3041; x_wconf 90' lang='lat' dir='ltr'>p.</span> <span class='ocrx_word' id='word_1_223' title='bbox 1322 2958 1511 3022; x_wconf 73' lang='lat'>475—492.</span> 
     </span>
    </p>

    <p class='ocr_par' dir='ltr' id='par_1_10' title="bbox 249 3055 1777 3352">
     <span class='ocr_line' id='line_1_23' title="bbox 295 3055 1777 3145; baseline 0.001 -22"><span class='ocrx_word' id='word_1_224' title='bbox 295 3059 336 3142; x_wconf 75' lang='grc'>18)</span> <span class='ocrx_word' id='word_1_225' title='bbox 372 3058 551 3138; x_wconf 70' lang='lat' dir='ltr'>,uouemus</span> <span class='ocrx_word' id='word_1_226' title='bbox 581 3056 689 3123; x_wconf 89' lang='lat' dir='ltr'>docuit</span> <span class='ocrx_word' id='word_1_227' title='bbox 717 3061 751 3122; x_wconf 90' lang='lat' dir='ltr'>et</span> <span class='ocrx_word' id='word_1_228' title='bbox 780 3057 937 3143; x_wconf 86' lang='lat' dir='ltr'>professus</span> <span class='ocrx_word' id='word_1_229' title='bbox 967 3063 1013 3124; x_wconf 90' lang='lat' dir='ltr'>est</span> <span class='ocrx_word' id='word_1_230' title='bbox 1041 3057 1258 3145; x_wconf 83' lang='lat' dir='ltr'>Theologiam,</span> <span class='ocrx_word' id='word_1_231' title='bbox 1290 3080 1380 3142; x_wconf 89' lang='lat' dir='ltr'>quam</span> <span class='ocrx_word' id='word_1_232' title='bbox 1411 3080 1480 3123; x_wconf 86' lang='lat' dir='ltr'>vere</span> <span class='ocrx_word' id='word_1_233' title='bbox 1508 3055 1729 3130; x_wconf 70' lang='grc' dir='ltr'>αὐτοδίδακτος</span> <span class='ocrx_word' id='word_1_234' title='bbox 1759 3081 1777 3124; x_wconf 89' lang='lat' dir='ltr'>a</span> 
     </span>
     <span class='ocr_line' id='line_1_24' title="bbox 249 3160 1776 3248; baseline 0 -21"><span class='ocrx_word' id='word_1_235' title='bbox 249 3160 332 3228; x_wconf 89' lang='lat' dir='ltr'>nullo</span> <span class='ocrx_word' id='word_1_236' title='bbox 357 3167 552 3248; x_wconf 84' lang='lat' dir='ltr'>praeceptore</span> <span class='ocrx_word' id='word_1_237' title='bbox 574 3160 736 3239; x_wconf 88' lang='lat' dir='ltr'>hauserat,</span> <span class='ocrx_word' id='word_1_238' title='bbox 762 3166 792 3224; x_wconf 88' lang='lat' dir='ltr'>at</span> <span class='ocrx_word' id='word_1_239' title='bbox 815 3160 938 3226; x_wconf 87' lang='lat' dir='ltr'>locutus</span> <span class='ocrx_word' id='word_1_240' title='bbox 963 3166 1068 3224; x_wconf 86' lang='lat' dir='ltr'>estex</span> <span class='ocrx_word' id='word_1_241' title='bbox 1092 3183 1143 3242; x_wconf 91' lang='grc' dir='ltr'>6ο,</span> <span class='ocrx_word' id='word_1_242' title='bbox 1169 3183 1229 3245; x_wconf 91' lang='lat' dir='ltr'>quo</span> <span class='ocrx_word' id='word_1_243' title='bbox 1248 3160 1420 3247; x_wconf 87' lang='lat' dir='ltr'>pruriebat,</span> <span class='ocrx_word' id='word_1_244' title='bbox 1444 3162 1577 3226; x_wconf 88' lang='lat' dir='ltr'>omnia</span> <span class='ocrx_word' id='word_1_245' title='bbox 1602 3163 1776 3229; x_wconf 86' lang='lat' dir='ltr'>novandi</span> 
     </span>
     <span class='ocr_line' id='line_1_25' title="bbox 249 3262 1465 3352; baseline 0.002 -23"><span class='ocrx_word' id='word_1_246' title='bbox 249 3262 472 3330; x_wconf 66' lang='lat' dir='ltr'>oaeoachass’</span> <span class='ocrx_word' id='word_1_247' title='bbox 509 3264 560 3328; x_wconf 91' lang='lat' dir='ltr'>Ita</span> <span class='ocrx_word' id='word_1_248' title='bbox 582 3263 706 3350; x_wconf 84' lang='lat' dir='ltr'>scripsit</span> <span class='ocrx_word' id='word_1_249' title='bbox 727 3285 897 3332; x_wconf 77' lang='grc'><strong>1111111111.</strong></span> <span class='ocrx_word' id='word_1_250' title='bbox 935 3265 1015 3330; x_wconf 81' lang='lat' dir='ltr'>Vide</span> <span class='ocrx_word' id='word_1_251' title='bbox 1035 3262 1136 3352; x_wconf 86' lang='lat' dir='ltr'>Opera</span> <span class='ocrx_word' id='word_1_252' title='bbox 1159 3285 1285 3332; x_wconf 87' lang='lat' dir='ltr'>coconrr</span> <span class='ocrx_word' id='word_1_253' title='bbox 1307 3267 1339 3330; x_wconf 89' lang='lat' dir='ltr'>in</span> <span class='ocrx_word' id='word_1_254' title='bbox 1363 3266 1465 3332; x_wconf 73' lang='lat' dir='ltr'>Praei.</span> 
     </span>
    </p>

    <p class='ocr_par' dir='ltr' id='par_1_11' title="bbox 247 3367 1776 3557">
     <span class='ocr_line' id='line_1_26' title="bbox 295 3367 1776 3458; baseline 0.002 -24"><span class='ocrx_word' id='word_1_255' title='bbox 295 3369 342 3453; x_wconf 79' lang='lat'>¹⁹)</span> <span class='ocrx_word' id='word_1_256' title='bbox 369 3369 445 3434; x_wconf 85' lang='lat' dir='ltr'>Rem</span> <span class='ocrx_word' id='word_1_257' title='bbox 469 3367 584 3453; x_wconf 88' lang='lat' dir='ltr'>optima</span> <span class='ocrx_word' id='word_1_258' title='bbox 605 3367 742 3449; x_wconf 75' lang='lat' dir='ltr'>narmvit</span> <span class='ocrx_word' id='word_1_259' title='bbox 765 3368 900 3458; x_wconf 80' lang='lat' dir='ltr'>ipsisque</span> <span class='ocrx_word' id='word_1_260' title='bbox 924 3367 1115 3434; x_wconf 87' lang='lat' dir='ltr'>documentis</span> <span class='ocrx_word' id='word_1_261' title='bbox 1139 3368 1428 3436; x_wconf 80' lang='lat' dir='ltr'>illustravitnouin</span> <span class='ocrx_word' id='word_1_262' title='bbox 1444 3371 1567 3438; x_wconf 82' lang='lat' dir='ltr'>Vadarl.</span> <span class='ocrx_word' id='word_1_263' title='bbox 1589 3370 1776 3454; x_wconf 68' lang='lat' dir='ltr'>Woordcnd„</span> 
     </span>
     <span class='ocr_line' id='line_1_27' title="bbox 247 3470 936 3557; baseline -0.003 -16"><span class='ocrx_word' id='word_1_264' title='bbox 247 3470 283 3541; x_wconf 88' lang='lat' dir='ltr'>in</span> <span class='ocrx_word' id='word_1_265' title='bbox 304 3477 362 3538; x_wconf 81' lang='lat' dir='ltr'>art.</span> <span class='ocrx_word' id='word_1_266' title='bbox 388 3472 537 3550; x_wconf 78' lang='lat' dir='ltr'>Cocoeiraa,</span> <span class='ocrx_word' id='word_1_267' title='bbox 562 3471 597 3538; x_wconf 80' lang='grc'>’1.</span> <span class='ocrx_word' id='word_1_268' title='bbox 620 3470 667 3551; x_wconf 88' lang='grc' dir='ltr'>Χ,</span> <span class='ocrx_word' id='word_1_269' title='bbox 690 3492 723 3557; x_wconf 94' lang='lat' dir='ltr'>p.</span> <span class='ocrx_word' id='word_1_270' title='bbox 749 3475 936 3540; x_wconf 80' lang='lat'>339-346.</span> 
     </span>
    </p>

    <p class='ocr_par' dir='ltr' id='par_1_12' title="bbox 247 3572 1839 4080">
     <span class='ocr_line' id='line_1_28' title="bbox 293 3572 1774 3664; baseline 0.003 -26"><span class='ocrx_word' id='word_1_271' title='bbox 293 3576 334 3660; x_wconf 78' lang='lat'>⁵¹⁰)</span> <span class='ocrx_word' id='word_1_272' title='bbox 368 3572 570 3641; x_wconf 78' lang='lat' dir='ltr'>Bunmnnus</span> <span class='ocrx_word' id='word_1_273' title='bbox 601 3574 668 3640; x_wconf 84' lang='lat' dir='ltr'>Sec.</span> <span class='ocrx_word' id='word_1_274' title='bbox 699 3575 732 3639; x_wconf 91' lang='lat' dir='ltr'>in</span> <span class='ocrx_word' id='word_1_275' title='bbox 764 3578 858 3642; x_wconf 79' lang='lat' dir='ltr'>Anat.</span> <span class='ocrx_word' id='word_1_276' title='bbox 888 3575 998 3659; x_wconf 60' lang='lat' dir='ltr'>Belo,</span> <span class='ocrx_word' id='word_1_277' title='bbox 1025 3577 1059 3641; x_wconf 93' lang='lat' dir='ltr'>in</span> <span class='ocrx_word' id='word_1_278' title='bbox 1087 3575 1287 3658; x_wconf 86' lang='lat' dir='ltr'>Dedicatioua</span> <span class='ocrx_word' id='word_1_279' title='bbox 1315 3577 1353 3642; x_wconf 87' lang='lat' dir='ltr'>ad</span> <span class='ocrx_word' id='word_1_280' title='bbox 1375 3577 1464 3664; x_wconf 87' lang='lat' dir='ltr'>Reip.</span> <span class='ocrx_word' id='word_1_281' title='bbox 1488 3578 1589 3644; x_wconf 80' lang='lat' dir='ltr'>Amet.</span> <span class='ocrx_word' id='word_1_282' title='bbox 1613 3578 1774 3660; x_wconf 87' lang='lat' dir='ltr'>Consules,</span> 
     </span>
     <span class='ocr_line' id='line_1_29' title="bbox 247 3677 1774 3765; baseline 0.003 -23"><span class='ocrx_word' id='word_1_283' title='bbox 247 3701 279 3765; x_wconf 97' lang='lat' dir='ltr'>p.</span> <span class='ocrx_word' id='word_1_284' title='bbox 304 3680 356 3743; x_wconf 90' lang='grc'>10.</span> <span class='ocrx_word' id='word_1_285' title='bbox 392 3678 491 3745; x_wconf 82' lang='lat' dir='ltr'>Addit</span> <span class='ocrx_word' id='word_1_286' title='bbox 512 3699 726 3759; x_wconf 68' lang='lat' dir='ltr'>nemausus,</span> <span class='ocrx_word' id='word_1_287' title='bbox 751 3677 809 3743; x_wconf 92' lang='lat' dir='ltr'>hoo</span> <span class='ocrx_word' id='word_1_288' title='bbox 832 3679 933 3765; x_wconf 87' lang='lat' dir='ltr'>ipsum</span> <span class='ocrx_word' id='word_1_289' title='bbox 963 3678 1147 3760; x_wconf 68' lang='lat' dir='ltr'>poonsilium</span> <span class='ocrx_word' id='word_1_290' title='bbox 1171 3685 1202 3744; x_wconf 92' lang='lat' dir='ltr'>et</span> <span class='ocrx_word' id='word_1_291' title='bbox 1224 3680 1423 3746; x_wconf 89' lang='lat' dir='ltr'>institutum”</span> <span class='ocrx_word' id='word_1_292' title='bbox 1450 3681 1542 3761; x_wconf 79' lang='lat' dir='ltr'>„olim</span> <span class='ocrx_word' id='word_1_293' title='bbox 1563 3681 1596 3746; x_wconf 91' lang='lat' dir='ltr'>in</span> <span class='ocrx_word' id='word_1_294' title='bbox 1619 3681 1774 3746; x_wconf 89' lang='lat' dir='ltr'>condenda</span> 
     </span>
     <span class='ocr_line' id='line_1_30' title="bbox 248 3779 1839 3871; baseline 0.005 -25"><span class='ocrx_word' id='word_1_295' title='bbox 248 3781 413 3847; x_wconf 81' lang='lat' dir='ltr'>Academia</span> <span class='ocrx_word' id='word_1_296' title='bbox 446 3780 589 3847; x_wconf 89' lang='lat' dir='ltr'>Leidensi</span> <span class='ocrx_word' id='word_1_297' title='bbox 623 3780 682 3846; x_wconf 93' lang='lat' dir='ltr'>sibi</span> <span class='ocrx_word' id='word_1_298' title='bbox 718 3779 933 3869; x_wconf 87' lang='lat' dir='ltr'>proposuisse&#39;’</span> <span class='ocrx_word' id='word_1_299' title='bbox 967 3803 1172 3848; x_wconf 70' lang='lat' dir='ltr'>occursantur</span> <span class='ocrx_word' id='word_1_300' title='bbox 1206 3782 1238 3865; x_wconf 93' lang='grc' dir='ltr'>Ι,</span> <span class='ocrx_word' id='word_1_301' title='bbox 1282 3783 1376 3870; x_wconf 91' lang='lat' dir='ltr'>idque</span> <span class='ocrx_word' id='word_1_302' title='bbox 1411 3782 1596 3870; x_wconf 68' lang='lat' dir='ltr'>,diplomate</span> <span class='ocrx_word' id='word_1_303' title='bbox 1629 3808 1773 3871; x_wconf 89' lang='lat' dir='ltr'>perquam</span> <span class='ocrx_word' id='word_1_304' title='bbox 1835 3849 1839 3854; x_wconf 93' lang='lat'><strong>.</strong></span> 
     </span>
     <span class='ocr_line' id='line_1_31' title="bbox 248 3883 1775 3974; baseline 0.003 -25"><span class='ocrx_word' id='word_1_305' title='bbox 248 3883 395 3951; x_wconf 83' lang='lat' dir='ltr'>laudabili</span> <span class='ocrx_word' id='word_1_306' title='bbox 426 3887 571 3950; x_wconf 89' lang='lat' dir='ltr'>testatum</span> <span class='ocrx_word' id='word_1_307' title='bbox 600 3883 731 3951; x_wconf 88' lang='lat' dir='ltr'>suisse”.</span> <span class='ocrx_word' id='word_1_308' title='bbox 776 3884 866 3950; x_wconf 88' lang='lat' dir='ltr'>Unde</span> <span class='ocrx_word' id='word_1_309' title='bbox 895 3905 1090 3953; x_wconf 69' lang='lat' dir='ltr'>aususausus</span> <span class='ocrx_word' id='word_1_310' title='bbox 1116 3887 1191 3952; x_wconf 87' lang='lat' dir='ltr'>haec</span> <span class='ocrx_word' id='word_1_311' title='bbox 1214 3887 1379 3974; x_wconf 88' lang='lat' dir='ltr'>acceperit,</span> <span class='ocrx_word' id='word_1_312' title='bbox 1404 3886 1515 3951; x_wconf 83' lang='lat' dir='ltr'>frustra</span> <span class='ocrx_word' id='word_1_313' title='bbox 1537 3909 1568 3952; x_wconf 89' lang='lat' dir='ltr'>se</span> <span class='ocrx_word' id='word_1_314' title='bbox 1591 3888 1775 3972; x_wconf 88' lang='lat' dir='ltr'>quaesivisse</span> 
     </span>
     <span class='ocr_line' id='line_1_32' title="bbox 248 3986 1563 4080; baseline 0.005 -29"><span class='ocrx_word' id='word_1_315' title='bbox 248 3986 356 4052; x_wconf 87' lang='lat' dir='ltr'>scribit</span> <span class='ocrx_word' id='word_1_316' title='bbox 377 4007 620 4056; x_wconf 70' lang='lat' dir='ltr'>accamanus</span> <span class='ocrx_word' id='word_1_317' title='bbox 643 3990 676 4054; x_wconf 92' lang='lat' dir='ltr'>in</span> <span class='ocrx_word' id='word_1_318' title='bbox 699 4012 769 4054; x_wconf 87' lang='lat' dir='ltr'>aun.</span> <span class='ocrx_word' id='word_1_319' title='bbox 793 3988 831 4054; x_wconf 91' lang='lat' dir='ltr'>ad</span> <span class='ocrx_word' id='word_1_320' title='bbox 854 3987 941 4057; x_wconf 88' lang='lat' dir='ltr'>Orat.</span> <span class='ocrx_word' id='word_1_321' title='bbox 963 3992 1046 4057; x_wconf 89' lang='lat' dir='ltr'>laud.</span> <span class='ocrx_word' id='word_1_322' title='bbox 1069 4015 1100 4080; x_wconf 93' lang='lat' dir='ltr'>p.</span> <span class='ocrx_word' id='word_1_323' title='bbox 1126 3994 1178 4057; x_wconf 92' lang='grc'><strong>30.</strong></span> <span class='ocrx_word' id='word_1_324' title='bbox 1224 3992 1333 4077; x_wconf 90' lang='lat' dir='ltr'>Neque</span> <span class='ocrx_word' id='word_1_325' title='bbox 1356 4013 1412 4076; x_wconf 88' lang='lat' dir='ltr'>ego</span> <span class='ocrx_word' id='word_1_326' title='bbox 1435 3991 1563 4077; x_wconf 90' lang='lat' dir='ltr'>repperi.</span> 
     </span>
    </p>

    <p class='ocr_par' dir='ltr' id='par_1_13' title="bbox 249 4089 1776 4703">
     <span class='ocr_line' id='line_1_33' title="bbox 294 4089 1775 4182; baseline 0.004 -27"><span class='ocrx_word' id='word_1_327' title='bbox 294 4092 334 4176; x_wconf 82' lang='lat'>¹¹)</span> <span class='ocrx_word' id='word_1_328' title='bbox 370 4089 417 4155; x_wconf 89' lang='lat' dir='ltr'>De</span> <span class='ocrx_word' id='word_1_329' title='bbox 445 4111 594 4158; x_wconf 83' lang='lat' dir='ltr'>eusrunro</span> <span class='ocrx_word' id='word_1_330' title='bbox 623 4093 678 4158; x_wconf 87' lang='lat' dir='ltr'>alii</span> <span class='ocrx_word' id='word_1_331' title='bbox 708 4092 797 4157; x_wconf 88' lang='lat' dir='ltr'>aliter</span> <span class='ocrx_word' id='word_1_332' title='bbox 824 4091 974 4160; x_wconf 88' lang='lat' dir='ltr'>iudicant.</span> <span class='ocrx_word' id='word_1_333' title='bbox 1021 4096 1100 4162; x_wconf 85' lang='lat' dir='ltr'>Sunt</span> <span class='ocrx_word' id='word_1_334' title='bbox 1126 4095 1180 4181; x_wconf 91' lang='lat' dir='ltr'>qui</span> <span class='ocrx_word' id='word_1_335' title='bbox 1203 4117 1274 4160; x_wconf 89' lang='lat' dir='ltr'>eum</span> <span class='ocrx_word' id='word_1_336' title='bbox 1297 4093 1430 4160; x_wconf 89' lang='lat' dir='ltr'>libertati</span> <span class='ocrx_word' id='word_1_337' title='bbox 1453 4093 1553 4158; x_wconf 89' lang='lat' dir='ltr'>minus</span> <span class='ocrx_word' id='word_1_338' title='bbox 1575 4093 1686 4160; x_wconf 79' lang='lat' dir='ltr'>favisse</span> <span class='ocrx_word' id='word_1_339' title='bbox 1709 4096 1775 4182; x_wconf 92' lang='lat' dir='ltr'>opi·</span> 
     </span>
     <span class='ocr_line' id='line_1_34' title="bbox 249 4194 1774 4286; baseline 0.006 -30"><span class='ocrx_word' id='word_1_340' title='bbox 249 4198 370 4260; x_wconf 87' lang='lat' dir='ltr'>nentur.</span> <span class='ocrx_word' id='word_1_341' title='bbox 426 4194 566 4276; x_wconf 79' lang='lat' dir='ltr'>Quorum</span> <span class='ocrx_word' id='word_1_342' title='bbox 600 4201 701 4262; x_wconf 80' lang='grc'><strong>11111611</strong></span> <span class='ocrx_word' id='word_1_343' title='bbox 739 4196 888 4261; x_wconf 87' lang='lat' dir='ltr'>sententia</span> <span class='ocrx_word' id='word_1_344' title='bbox 921 4197 997 4262; x_wconf 91' lang='lat' dir='ltr'>mihi</span> <span class='ocrx_word' id='word_1_345' title='bbox 1032 4222 1094 4264; x_wconf 91' lang='lat' dir='ltr'>non</span> <span class='ocrx_word' id='word_1_346' title='bbox 1128 4199 1282 4286; x_wconf 88' lang='lat' dir='ltr'>probanda</span> <span class='ocrx_word' id='word_1_347' title='bbox 1316 4196 1446 4262; x_wconf 87' lang='lat' dir='ltr'>videtur.</span> <span class='ocrx_word' id='word_1_348' title='bbox 1499 4195 1558 4261; x_wconf 89' lang='lat' dir='ltr'>Sed</span> <span class='ocrx_word' id='word_1_349' title='bbox 1593 4198 1706 4264; x_wconf 88' lang='lat' dir='ltr'>multos</span> <span class='ocrx_word' id='word_1_350' title='bbox 1740 4201 1774 4265; x_wconf 95' lang='lat' dir='ltr'>in</span> 
     </span>
     <span class='ocr_line' id='line_1_35' title="bbox 250 4296 1775 4384; baseline 0.009 -26"><span class='ocrx_word' id='word_1_351' title='bbox 250 4316 381 4361; x_wconf 91' lang='lat' dir='ltr'>errorem</span> <span class='ocrx_word' id='word_1_352' title='bbox 407 4296 530 4363; x_wconf 85' lang='lat' dir='ltr'>induxit</span> <span class='ocrx_word' id='word_1_353' title='bbox 556 4319 814 4380; x_wconf 77' lang='lat' dir='ltr'>amoenamus,</span> <span class='ocrx_word' id='word_1_354' title='bbox 846 4321 915 4365; x_wconf 90' lang='lat' dir='ltr'>oum</span> <span class='ocrx_word' id='word_1_355' title='bbox 946 4321 1093 4368; x_wconf 81' lang='lat' dir='ltr'>rusnaurt</span> <span class='ocrx_word' id='word_1_356' title='bbox 1119 4302 1340 4384; x_wconf 86' lang='lat' dir='ltr'>laudationem,</span> <span class='ocrx_word' id='word_1_357' title='bbox 1370 4323 1450 4366; x_wconf 91' lang='lat' dir='ltr'>anno</span> <span class='ocrx_word' id='word_1_358' title='bbox 1481 4301 1567 4365; x_wconf 88' lang='grc'><strong>1800</strong></span> <span class='ocrx_word' id='word_1_359' title='bbox 1601 4326 1620 4367; x_wconf 91' lang='lat' dir='ltr'>a</span> <span class='ocrx_word' id='word_1_360' title='bbox 1646 4325 1679 4369; x_wconf 89' lang='lat' dir='ltr'>se</span> <span class='ocrx_word' id='word_1_361' title='bbox 1704 4328 1775 4370; x_wconf 89' lang='lat' dir='ltr'>oon·</span> 
     </span>
     <span class='ocr_line' id='line_1_36' title="bbox 250 4395 1775 4488; baseline 0.01 -27"><span class='ocrx_word' id='word_1_362' title='bbox 250 4395 411 4484; x_wconf 85' lang='lat' dir='ltr'>scriptam,</span> <span class='ocrx_word' id='word_1_363' title='bbox 446 4407 553 4486; x_wconf 88' lang='lat' dir='ltr'>postea</span> <span class='ocrx_word' id='word_1_364' title='bbox 586 4424 658 4468; x_wconf 86' lang='lat' dir='ltr'>raro</span> <span class='ocrx_word' id='word_1_365' title='bbox 693 4403 783 4488; x_wconf 90' lang='lat' dir='ltr'>plane</span> <span class='ocrx_word' id='word_1_366' title='bbox 815 4403 1025 4486; x_wconf 86' lang='lat' dir='ltr'>immutatam,</span> <span class='ocrx_word' id='word_1_367' title='bbox 1057 4427 1135 4471; x_wconf 85' lang='lat' dir='ltr'>anno</span> <span class='ocrx_word' id='word_1_368' title='bbox 1172 4410 1256 4472; x_wconf 81' lang='grc'><strong>1806</strong></span> <span class='ocrx_word' id='word_1_369' title='bbox 1292 4407 1325 4472; x_wconf 93' lang='lat' dir='ltr'>in</span> <span class='ocrx_word' id='word_1_370' title='bbox 1359 4405 1458 4470; x_wconf 90' lang='lat' dir='ltr'>lucem</span> <span class='ocrx_word' id='word_1_371' title='bbox 1490 4405 1601 4471; x_wconf 88' lang='lat' dir='ltr'>ederet.</span> <span class='ocrx_word' id='word_1_372' title='bbox 1647 4407 1685 4473; x_wconf 92' lang='lat' dir='ltr'>In</span> <span class='ocrx_word' id='word_1_373' title='bbox 1716 4409 1775 4476; x_wconf 92' lang='lat' dir='ltr'>hoo</span> 
     </span>
     <span class='ocr_line' id='line_1_37' title="bbox 249 4499 1775 4598; baseline 0.01 -34"><span class='ocrx_word' id='word_1_374' title='bbox 249 4499 330 4565; x_wconf 90' lang='lat' dir='ltr'>enim</span> <span class='ocrx_word' id='word_1_375' title='bbox 358 4501 456 4587; x_wconf 85' lang='lat' dir='ltr'>elogio</span> <span class='ocrx_word' id='word_1_376' title='bbox 478 4523 653 4571; x_wconf 84' lang='lat' dir='ltr'>rusnnururr</span> <span class='ocrx_word' id='word_1_377' title='bbox 676 4505 721 4586; x_wconf 82' lang='lat' dir='ltr'>ita</span> <span class='ocrx_word' id='word_1_378' title='bbox 745 4506 901 4589; x_wconf 88' lang='lat' dir='ltr'>laudavit,</span> <span class='ocrx_word' id='word_1_379' title='bbox 931 4515 966 4574; x_wconf 89' lang='lat' dir='ltr'>ut</span> <span class='ocrx_word' id='word_1_380' title='bbox 988 4512 1085 4596; x_wconf 86' lang='lat' dir='ltr'>magis</span> <span class='ocrx_word' id='word_1_381' title='bbox 1108 4533 1194 4576; x_wconf 88' lang='lat' dir='ltr'>suam</span> <span class='ocrx_word' id='word_1_382' title='bbox 1217 4511 1328 4598; x_wconf 87' lang='lat' dir='ltr'>ipsius,</span> <span class='ocrx_word' id='word_1_383' title='bbox 1353 4531 1443 4595; x_wconf 91' lang='lat' dir='ltr'>quam</span> <span class='ocrx_word' id='word_1_384' title='bbox 1466 4529 1627 4592; x_wconf 80' lang='lat' dir='ltr'>ausuum,</span> <span class='ocrx_word' id='word_1_385' title='bbox 1651 4512 1688 4578; x_wconf 92' lang='lat' dir='ltr'>de</span> <span class='ocrx_word' id='word_1_386' title='bbox 1709 4513 1775 4580; x_wconf 90' lang='lat' dir='ltr'>iuro</span> 
     </span>
     <span class='ocr_line' id='line_1_38' title="bbox 249 4603 1776 4703; baseline 0.009 -35"><span class='ocrx_word' id='word_1_387' title='bbox 249 4603 374 4690; x_wconf 90' lang='lat' dir='ltr'>publico</span> <span class='ocrx_word' id='word_1_388' title='bbox 413 4609 593 4674; x_wconf 85' lang='lat' dir='ltr'>sententiam</span> <span class='ocrx_word' id='word_1_389' title='bbox 631 4616 804 4696; x_wconf 87' lang='lat' dir='ltr'>exponeret.</span> <span class='ocrx_word' id='word_1_390' title='bbox 849 4611 942 4698; x_wconf 77' lang='lat' dir='ltr'>¹Vide</span> <span class='ocrx_word' id='word_1_391' title='bbox 976 4635 1053 4698; x_wconf 90' lang='lat' dir='ltr'>quae</span> <span class='ocrx_word' id='word_1_392' title='bbox 1087 4614 1209 4703; x_wconf 88' lang='lat' dir='ltr'>scripsit</span> <span class='ocrx_word' id='word_1_393' title='bbox 1241 4622 1412 4681; x_wconf 76' lang='lat' dir='ltr'>narseus</span> <span class='ocrx_word' id='word_1_394' title='bbox 1439 4612 1520 4701; x_wconf 87' lang='lat' dir='ltr'>apud</span> <span class='ocrx_word' id='word_1_395' title='bbox 1553 4635 1618 4680; x_wconf 80' lang='lat' dir='ltr'>narr</span> <span class='ocrx_word' id='word_1_396' title='bbox 1650 4635 1711 4682; x_wconf 83' lang='lat' dir='ltr'>nux</span> <span class='ocrx_word' id='word_1_397' title='bbox 1745 4623 1776 4682; x_wconf 89' lang='lat' dir='ltr'>ct</span> 
     </span>
    </p>
   </div>
   <div class='ocr_carea' id='block_1_3' title="bbox 247 4710 1770 4897">
    <p class='ocr_par' dir='ltr' id='par_1_14' title="bbox 247 4710 1770 4897">
     <span class='ocr_line' id='line_1_39' title="bbox 247 4710 1770 4878; baseline 0.009 -108"><span class='ocrx_word' id='word_1_398' title='bbox 247 4725 321 4875; x_wconf 76' lang='grc'>111111</span> <span class='ocrx_word' id='word_1_399' title='bbox 327 4811 343 4876; x_wconf 69' lang='grc'><strong>7</strong></span> <span class='ocrx_word' id='word_1_400' title='bbox 349 4727 440 4876; x_wconf 66' lang='lat' dir='ltr'>paup.</span> <span class='ocrx_word' id='word_1_401' title='bbox 438 4759 478 4878; x_wconf 72' lang='grc'>68</span> <span class='ocrx_word' id='word_1_402' title='bbox 501 4710 668 4796; x_wconf 67' lang='lat' dir='ltr'>Bp‘drapea</span> <span class='ocrx_word' id='word_1_403' title='bbox 707 4718 753 4778; x_wconf 84' lang='lat' dir='ltr'>tot</span> <span class='ocrx_word' id='word_1_404' title='bbox 789 4714 1068 4820; x_wconf 70' lang='lat' dir='ltr'>Raptaqelcerddcid</span> <span class='ocrx_word' id='word_1_405' title='bbox 1106 4740 1144 4783; x_wconf 79' lang='lat' dir='ltr'>ea</span> <span class='ocrx_word' id='word_1_406' title='bbox 1191 4717 1376 4803; x_wconf 74' lang='lat' dir='ltr'>Wetpeoiap,</span> <span class='ocrx_word' id='word_1_407' title='bbox 1419 4716 1456 4783; x_wconf 80' lang='grc' dir='ltr'><strong>Τ.</strong></span> <span class='ocrx_word' id='word_1_408' title='bbox 1496 4716 1550 4782; x_wconf 94' lang='grc' dir='ltr'>ΙΙΙ</span> <span class='ocrx_word' id='word_1_409' title='bbox 1588 4721 1770 4804; x_wconf 76' lang='grc'><strong>(11828),</strong></span> 
     </span>
     <span class='ocr_line' id='line_1_40' title="bbox 247 4833 1510 4897; baseline 0.008 -49"><span class='ocrx_word' id='word_1_410' title='bbox 247 4833 278 4897; x_wconf 45' lang='lat' dir='ltr'>P·</span> <span class='ocrx_word' id='word_1_411' title='bbox 369 4849 413 4862; x_wconf 78' lang='grc'>,,</span> <span class='ocrx_word' id='word_1_412' title='bbox 482 4864 489 4879; x_wconf 41' lang='grc'><strong>.</strong></span> <span class='ocrx_word' id='word_1_413' title='bbox 1508 4854 1510 4858; x_wconf 89' lang='grc'><strong>.</strong></span> 
     </span>
    </p>
   </div>
   <div class='ocr_carea' id='block_1_4' title="bbox 0 0 2489 6178">
    <p class='ocr_par' dir='ltr' id='par_1_15' title="bbox 0 0 2489 6178">
     <span class='ocr_line' id='line_1_41' title="bbox 0 0 2489 6178; baseline 0 0"><span class='ocrx_word' id='word_1_414' title='bbox 0 0 2489 6178; x_wconf 95' lang='lat' dir='ltr'> </span> 
     </span>
    </p>
   </div>
  </div>
 </body>
</html>
