4962 6178
668 694 710 758 12
1261 694 1301 758 ll.
1340 693 1401 758 DE
1437 689 1602 760 valae

667 899 774 975 diosis
810 900 1006 999 praeclusae
1046 906 1144 974 arant
1179 923 1239 973 eae
1273 899 1502 988 Academiae,
1537 923 1624 996 qaas
1662 897 1879 996 frequentare
1913 897 2080 973 hactenus
2113 923 2193 974 coa-

666 1031 849 1094 sueverant
885 1027 1065 1094 nostrates.
1124 1019 1267 1094 Lovami
1302 1019 1395 1093 enim
1432 1027 1468 1092 et
1503 1017 1614 1092 Dasci
1646 1018 1763 1093 omnia
1798 1018 1964 1116 parebant
2002 1017 2195 1117 Hispaniae

665 1139 757 1239 Regi
788 1149 824 1214 et
859 1139 1020 1214 Pontifici
1059 1139 1238 1226 Romano,
1276 1164 1340 1212 nec
1375 1162 1453 1212 vero
1488 1139 1538 1212 ibi
1577 1137 1671 1212 locus
1705 1147 1778 1212 erat
1814 1137 1993 1212 haereticis
2026 1139 2192 1214 adversus

668 1260 774 1334 fidem
810 1259 1024 1334 catholicam
1054 1285 1094 1334 ao
1121 1260 1333 1333 maiestatem
1357 1259 1487 1356 regiam
1513 1258 1772 1333 rebellantibus.
1825 1260 1906 1337 Qua
1931 1258 1975 1332 de
2000 1282 2037 1332 re
2060 1259 2090 1332 ai
2114 1258 2194 1358 quis

666 1379 826 1453 dubitare
865 1379 1057 1478 potuisset,
1095 1378 1247 1475 locuples
1285 1387 1321 1452 at
1353 1377 1478 1450 flebilis
1516 1377 1615 1450 testis
1655 1384 1728 1449 erat
1765 1377 1944 1452 Arausiaci
1983 1375 2077 1450 filius
2108 1386 2194 1452 natu
2272 1469 2276 1480 ‚

664 1500 1069 1587 maximus,aa1a1aaus
1087 1521 1334 1587 ourarnaaros,
1356 1497 1454 1570 ducis
1477 1497 1605 1571 Albani
1629 1497 1727 1570 iussn
1751 1496 1903 1571 lovanio
1922 1497 1957 1570 ia
1983 1496 2191 1594 Hispaniam

663 1617 830 1715 abreptus
864 1626 901 1691 et
932 1642 954 1691 a
987 1632 1132 1715 paterna
1157 1617 1300 1690 caritate
1324 1617 1452 1714 pariter
1476 1641 1517 1691 ac
1546 1616 1670 1690 virtute
1694 1617 1845 1690 avulsus.
1897 1616 1988 1690 Cum
2011 1617 2119 1715 igitur
2145 1615 2192 1691 ad

663 1736 847 1810 tutandam
871 1737 1065 1811 libertatem
1093 1760 1311 1835 summopere
1336 1737 1564 1810 necessarium
1594 1745 1704 1823 esset,
1733 1745 1770 1810 ut
1794 1738 1831 1810 in
1856 1738 1931 1835 ipsa
1957 1736 2067 1834 patria
2089 1736 2191 1810 disci·

661 1855 836 1956 plinarum
867 1855 1004 1929 officina
1033 1855 1260 1942 conderetur,
1293 1855 1455 1929 omnibus
1490 1854 1653 1929 subsidiis
1690 1855 1913 1952 probabiliter
1949 1855 2120 1931 instructa
2152 1883 2191 1932 ac

661 1973 873 2048 Batavorum
907 1974 1017 2048 indoli
1047 1974 1327 2061 accommodata,
1359 1975 1403 2048 da
1439 1976 1532 2063 loco,
1568 1975 1628 2048 ubi
1654 1975 1741 2048 foret
1766 1975 1965 2062 condenda,
1993 2001 2061 2050 non
2088 1976 2191 2076 longa

662 2094 729 2167 fuit
754 2094 966 2170 deliberatio.
1017 2095 1101 2192 Ipsa
1127 2094 1209 2168 belli
1230 2119 1304 2168 sors
1324 2095 1505 2184 manifesto
1526 2095 1654 2168 indicio
1672 2095 1815 2170 Laidem
1838 2095 2040 2195 designavit.
2093 2096 2191 2172 Haec

662 2214 753 2288 anim
780 2215 917 2302 civitas,
943 2237 1119 2288 armorum
1147 2216 1214 2288 vim
1240 2239 1319 2287 cum
1348 2215 1439 2290 fame
1465 2216 1717 2313 et'pastilentia
1740 2241 1803 2314 pro
1826 2217 1936 2314 patrie
1956 2217 2089 2292 fortiter
2115 2243 2190 2316 per·

662 2359 762 2434 peasa
794 2334 992 2432 invictaque
1023 2335 1217 2408 constantia
1251 2334 1379 2407 famam
1416 2333 1483 2406 sibi
1520 2345 1621 2407 nacta
1660 2337 1924 2431 sempiternam,
1960 2338 2190 2434 praecaeteris

663 2453 770 2552 digna
797 2463 870 2527 arat
892 2463 963 2528 tam
988 2454 1119 2552 insigni
1142 2461 1363 2540 ornamento,
1389 2477 1459 2550 quo
1486 2477 1571 2526 suus
1600 2454 1718 2526 virtuti
1746 2455 1855 2528 honos
1882 2465 2065 2531 constaret.
2115 2457 2191 2531 Nec

662 2597 740 2647 vcro
775 2574 1006 2660 Academiae,
1044 2572 1158 2671 qualis
1192 2574 1337 2646 liberum
1372 2573 1540 2670 populum
1573 2573 1734 2663 decebat,
1767 2574 1834 2648 alia
1860 2577 1959 2650 sedes
1985 2577 2097 2675 aptior
2123 2576 2192 2675 legi

660 2701 794 2791 poterat
828 2718 932 2792 qnam
970 2719 1011 2768 aa
1047 2693 1081 2766 ia
1122 2693 1226 2780 urbe,
1262 2694 1362 2766 cuius
1398 2693 1490 2766 cives
1526 2718 1636 2790 anper
1669 2693 1713 2766 de
1744 2693 1901 2768 libertate
1924 2697 2055 2792 optime
2077 2696 2192 2770 meriti

658 2821 784 2887 essent.
836 2812 905 2886 Hic
943 2813 1040 2910 eipso
1075 2811 1172 2884 urbis
1203 2812 1389 2909 adspectus
1426 2823 1632 2909 quantarum
1670 2836 1784 2886 rerum
1821 2814 2019 2888 memoriam
2054 2839 2190 2890 revoca·

657 2931 719 3006 bat
740 2933 820 3024 ³),’'
855 2943 1003 3046 quanta·
1021 2931 1238 3006 monstrabat
1270 2931 1447 3029 exempla,
1481 2945 1614 3029 quanta
1649 2932 1823 3006 iuventuti
1849 2957 2035 3032 generosae
2056 2935 2103 3008 ad
2124 2936 2190 3010 vir·

659 3061 774 3126 tutam
806 3052 1043 3125 incitamenta.
1097 3049 1166 3123 Hic
1204 3059 1288 3147 quot
1321 3063 1546 3126 monumenta
1580 3063 1614 3125 et
1640 3052 1815 3149 sepulcra,
1849 3054 1977 3151 gloriae
2001 3054 2112 3130 avitae
2137 3080 2188 3130 re·

658 3173 856 3248 cordatione
892 3172 997 3246 etia'm
1033 3171 1180 3268 posteris
1205 3179 1394 3258 testatam,
1431 3172 1495 3245 hoo
1522 3197 1596 3245 esse
1625 3172 1769 3271 ingenui
1793 3172 1937 3259 Batavi,
1962 3198 1984 3247 a
2008 3174 2188 3271 tyrannide

658 3292 860 3389 abhorrere,
898 3316 961 3366 neo
997 3291 1085 3364 ferre
1121 3290 1188 3363 vim
1225 3293 1342 3365 animo
1379 3303 1441 3366 aut
1474 3294 1702 3367 conscientiae
1726 3293 1868 3365 illatam.
1921 3293 1964 3366 Ia
1993 3293 2057 3368 hoc
2082 3294 2189 3393 igitur

658 3410 827 3486 libertatis
861 3410 1009 3485 sacrario
1050 3409 1176 3484 artium
1212 3436 1251 3484 ac
1290 3410 1550 3508 disciplinarum
1591 3411 1802 3484 domicilium
1845 3411 2008 3509 prudenti
2046 3414 2189 3489 consilio

658 3532 805 3604 maiores
842 3531 949 3604 nostri
984 3531 1246 3604 collocaverunt.
1311 3531 1413 3606 Unde
1448 3532 1563 3606 denuo
1598 3539 1741 3629 apparet
1774 3555 1877 3628 qnam
1913 3556 1988 3605 vare
2018 3532 2186 3622 dixerim,

660 3651 748 3724 hanc
780 3651 1006 3725 Academiam
1040 3651 1115 3750 ipsa
1146 3649 1279 3749 origine
1313 3651 1519 3725 destinatam
1552 3651 1658 3726 luisse
1691 3675 1730 3724 ao
1762 3651 1868 3724 velati
1896 3651 2075 3727 nobilitate
2100 3652 2187 3726 obli·

659 3781 793 3870 getam,
819 3781 859 3844 ut
884 3781 977 3844 esset
1001 3771 1172 3845 libertatis
1194 3772 1414 3869 praesidium.

708 3892 909 3986 Antequam
950 3912 1028 3962 vero
1060 3889 1258 3976 videamus,
1284 3913 1390 3988 quem
1412 3890 1447 3963 iu
1475 3891 1617 3963 modom
1645 3891 1867 3966 illustrissimi
1888 3892 2059 3989 Principis
2081 3902 2186 3990 atqua

661 4007 834 4082 Ordinum
869 4007 1077 4082 Hollandiae
1104 4031 1183 4106 spes
1203 4009 1267 4082 bac
1289 4009 1431 4107 quidem
1456 4035 1498 4082 ex
1523 4021 1620 4108 parte
1642 4010 1746 4083 luerit
1767 4011 1922 4108 expleta,
1948 4010 2186 4085 definiendum

660 4127 780 4226 paucis
815 4138 888 4214 est,
930 4151 1000 4225 quo
1043 4152 1148 4201 sensu
1182 4128 1246 4202 hoc
1283 4129 1450 4203 libertatis
1479 4153 1604 4203 nomen
1629 4129 1776 4228 intelligi
1804 4129 1926 4218 velim,
1951 4154 2021 4228 qno
2048 4132 2188 4230 saepius

660 4245 731 4320 iam
765 4270 849 4318 usus
877 4271 954 4319 sum
980 4256 1017 4320 et
1041 4270 1142 4344 saepe
1168 4259 1245 4321 nter
1268 4249 1421 4346 posthac.
1473 4251 1511 4322 Si
1538 4250 1747 4348 quodecim
1775 4249 1980 4324 vocabalum
2006 4250 2065 4324 alii
2086 4252 2188 4326 alitor

662 4366 879 4465 interpretari
907 4367 1037 4456 solent,
1072 4367 1137 4440 hoo
1162 4368 1275 4466 ipsum
1301 4378 1354 4442 eat
1381 4371 1417 4443 in
1442 4394 1512 4468 qno
1534 4394 1612 4444 mea
1636 4380 1789 4443 versatur
1815 4370 1934 4446 oratio.
1984 4371 2065 4446 Non
2088 4373 2185 4470 equi·

662 4487 761 4575 dem,
796 4488 954 4585 quamvis
989 4488 1025 4562 ia
1053 4488 1192 4562 nomina
1217 4485 1363 4573 latino,
1388 4487 1541 4585 ipsorum
1564 4488 1801 4561 Romanorum
1828 4488 2024 4588 exemplum
2049 4515 2184 4588 aequm,

663 4609 724 4706 qni
761 4607 955 4682 libertatem
988 4632 1097 4706 regno
1132 4606 1373 4705 opponebant,
1409 4617 1448 4680 ut
1474 4616 1565 4681 esset
1592 4632 1633 4682 ea
1656 4607 1833 4706 regiminis
1854 4606 1965 4681 forma
1989 4633 2094 4706 quam
2121 4634 2185 4684 nos

641 4737 724 4830 ¹aut
747 4727 1099 4815 democratiam,
1126 4736 1186 4800 aut
1210 4751 1229 4800 e
1253 4725 1391 4824 linguae
1417 4727 1568 4801 Gallicae
1591 4751 1686 4801 more
1711 4727 2039 4826 rempublicam
2066 4730 2183 4827 appel·

661 4847 732 4923 lara
763 4847 934 4956 solemus:
975 4871 1045 4946 qno
1076 4870 1179 4922 sensu
1210 4869 1242 4919 a.
1284 4869 1453 4931 aaaron,
1488 4845 1628 4942 regibus
1652 4846 1798 4931 exactis,
1830 4845 1961 4920 Romae
1988 4844 2181 4922 libertatem
