4962 6178
720 637 766 700 42
1284 641 1357 712 'ld
1393 647 1454 712 ult
1487 645 1653 715 vulus

725 845 832 935 tatio,
863 847 1089 924 saluberrima
1118 850 1239 948 utique
1270 860 1307 925 et
1333 851 1538 942 utilissima,
1571 853 1714 927 iuvenes
1735 859 1848 926 aetate
1868 848 2017 924 fervidos
2041 846 2085 921 ab
2112 841 2253 942 agendo

724 965 898 1040 retardare
928 990 997 1041 non
1031 966 1146 1043 debet.
1197 971 1303 1070 Agite
1334 971 1460 1070 igitur,
1485 981 1644 1072 totasque
1670 972 1757 1046 vires
1780 970 1946 1058 exserite,
1980 976 2021 1042 ut
2041 965 2161 1065 pulcro
2186 961 2253 1036 boo

725 1084 958 1159 studiosorum
980 1084 1205 1160 Laideosium
1229 1089 1369 1164 nomine
1388 1088 1487 1188 digni
1506 1090 1638 1166 vivatis.
1674 1092 1866 1191 Antiquam
1891 1085 2100 1164 Academiae
2121 1084 2253 1158 lamam

724 1201 796 1278 Vos
829 1228 970 1302 qnoque
1005 1205 1164 1284 tuemini.
1230 1211 1454 1308 Quamquam
1492 1209 1578 1308 quid
1613 1235 1701 1309 opus
1739 1221 1793 1286 est
1827 1210 1987 1295 hortatu,
2025 1206 2085 1280 ubi
2121 1202 2255 1278 adsunt

723 1347 838 1398 rerum
872 1325 1091 1416 testimonia,
1125 1351 1215 1424 quae
1244 1329 1455 1404 uoluntatem
1490 1339 1711 1428 mentemque
1743 1329 1901 1406 Vestram
1935 1327 2022 1403 satis
2050 1321 2254 1400 declarent?

721 1444 808 1518 Mihi
837 1444 981 1542 quidem
1005 1469 1139 1520 morum
1167 1447 1347 1524 honestate
1368 1450 1609 1548 magistratum
1633 1450 1833 1526 reddidistis
1858 1447 2161 1524 iucundissimum.
2201 1441 2256 1514 Ea

723 1563 796 1640 Vos
820 1566 968 1664 cognovi
992 1565 1178 1654 suavitate,
1211 1591 1254 1641 aa
1277 1593 1359 1667 erge
1381 1549 1617 1668 praeceptores
1642 1570 1880 1660 observantia,
1912 1595 1953 1644 ea
1974 1569 2011 1642 in
2034 1564 2140 1641 literis
2166 1561 2255 1636 assi·-

725 1684 879 1777 duitate‚
915 1695 955 1758 ut
988 1687 1051 1783 qui
1082 1686 1154 1759 Vos
1192 1687 1327 1761 dudum
1358 1690 1518 1764 amabam
1546 1690 1738 1790 Vestraque
1763 1689 2013 1767 consuetudine
2039 1681 2256 1766 delectabar,

724 1805 823 1879 novis
855 1804 963 1880 veluti
990 1805 1136 1880 vinculis
1167 1806 1372 1881 obstrictum
1398 1808 1508 1884 Vobis
1533 1835 1589 1884 me
1614 1811 1772 1886 sentiam.
1823 1812 1945 1909 Nuper
1965 1808 2071 1882 etiam
2092 1799 2258 1898 exemplo

725 1925 862 2013 fuistis,
887 1925 975 2024 quid
997 1926 1107 2000 valeat
1132 1926 1265 2001 indoles
1288 1952 1464 2028 generose.
1517 1931 1613 2004 Ortis
1635 1931 1725 2004 enim
1750 1931 1901 2005 dissidiis
1924 1927 2136 2028 quibusdam
2163 1922 2259 1994 inter

725 2044 978 2120 commilitones
1009 2045 1366 2138 Rheno-Traiectinos
1399 2059 1435 2123 et
1467 2050 1728 2149 Gmninganos,
1762 2050 1833 2125 Vos
1852 2046 2067 2124 conciliendo
2087 2043 2259 2138 litemque

728 2165 839 2241 amice
858 2165 1099 2263 componendo
1121 2165 1274 2241 infensos
1293 2168 1427 2244 animos
1449 2169 1662 2272 placavistis,
1687 2171 1899 2244 concordiam
1920 2164 2131 2243 restituistis.
2167 2162 2258 2233 Gra·

727 2286 818 2360 tulor
848 2284 979 2373 Vobis,
1015 2285 1058 2358 de
1093 2293 1240 2385 utraque
1273 2289 1482 2378 Academia,
1515 2314 1579 2364 neo
1613 2290 1729 2365 minus
1758 2290 1802 2364 de
1825 2298 1962 2377 nostra,
1993 2287 2083 2360 bene
2110 2279 2259 2355 meritis.

724 2405 818 2479 Tum
839 2405 942 2479 multi
960 2404 1125 2480 Vestrum
1154 2408 1293 2506 egregia
1314 2407 1547 2483 exhibuerunt
1566 2410 1759 2483 studiorum
1781 2409 1986 2509 specimina,
2012 2403 2108 2479 uude
2124 2399 2263 2499 optima

727 2549 887 2626 quaeque
907 2549 1044 2624 sperare
1065 2525 1154 2602 licet
1205 2527 1304 2600 Haec
1329 2526 1429 2601 nobis
1451 2529 1562 2602 multo
1583 2529 1694 2629 magis
1713 2537 1852 2629 accepta
1870 2501 1975 2624 bunt,
2000 2548 2109 2623 quam
2132 2541 2262 2594 nume·

725 2668 804 2718 rum
838 2642 1003 2720 Vestrum
1037 2645 1103 2719 hoc
1129 2645 1232 2720 etiam
1259 2671 1350 2721 auno
1375 2648 1462 2723 adeo
1487 2649 1688 2737 increvisse,
1720 2664 1761 2722 ut
1780 2650 1888 2724 totius
1910 2646 2002 2722 tertii
2026 2641 2156 2717 saeculi
2185 2661 2261 2711 me·

723 2764 835 2839 moria
862 2788 1054 2864 numquam
1081 2775 1202 2840 tentus
1229 2767 1343 2842 fuerit.
1394 2769 1589 2844 Numerum
1624 2769 1765 2866 quidem
1793 2793 1862 2842 non
1887 2763 2163 2846 contemnimus,
2192 2781 2264 2831 uec

686 2943 689 2952 .
724 2891 842 2958 tamen
864 2884 1076 2959 Academiae
1101 2885 1248 2959 salutem
1273 2886 1520 2985 discipulorum
1545 2888 1786 2977 multitudiue,
1813 2888 1873 2964 sed
1897 2887 2048 2963 bonitate
2072 2879 2264 2954 metimur.

725 3001 845 3077 Hodie
864 3003 1035 3077 inchoatis
1055 3028 1188 3079 annum
1216 3029 1324 3078 uuum
1350 3005 1385 3078 in
1411 3005 1530 3105 paucis
1554 3007 1829 3097 memorabilem,
1854 3008 1890 3081 in
1913 3031 1983 3104 quo
2003 3004 2135 3078 fastum
2162 2997 2265 3071 iubi-

726 3122 842 3196 laeum
877 3124 943 3196 rite
971 3122 1501 3224 celebrandumpraeparabitis.
1551 3127 1625 3200 lam
1656 3127 1808 3224 elegistis
1835 3125 2081 3226 quinqueviros
2106 3139 2265 3218 pompae

728 3241 865 3346 solenni
899 3242 943 3316 de
977 3267 1072 3316 more
1105 3242 1231 3317 Vestro
1266 3243 1498 3335 ordinandae,
1542 3243 1674 3342 iisque,
1700 3245 1886 3343 praesidis
1921 3239 2095 3318 honorarii
2136 3235 2267 3323 titulo,

728 3361 942 3458 praefecistis
989 3362 1242 3462 Angustissimi
1288 3363 1396 3462 Regis
1435 3364 1566 3451 filium,
1612 3364 1804 3438 studiorum
1839 3364 2045 3437 Vestrorum
2088 3357 2266 3432 sodalem.

728 3480 840 3554 Recte
876 3478 949 3555 Vos
980 3481 1121 3578 quidem
1153 3491 1188 3555 et
1221 3483 1368 3580 sapienti
1398 3484 1548 3559 oonsilio.
1600 3485 1761 3581 Namque
1793 3485 1840 3558 sio
1871 3481 2074 3557 ostendistis
2105 3479 2218 3577 plene
2247 3499 2268 3550 a

728 3599 841 3676 Vobis
875 3599 1042 3699 intelligi,
1078 3625 1182 3698 qnam
1222 3601 1345 3674 intima
1380 3601 1425 3675 sit
1460 3601 1665 3676 Academiae
1702 3611 1836 3676 nostrae
1872 3625 1952 3674 cum
1990 3597 2120 3672 illustri
2155 3601 2268 3694 geute

728 3719 919 3795 Nassavica
952 3720 1171 3809 coniunctio,
1208 3744 1385 3819 quamque
1421 3744 1512 3800 vere¹
1531 3721 1680 3820 Regium
1720 3743 1865 3807 nomen,
1901 3718 1998 3817 quod
2030 3717 2118 3792 alibi
2159 3737 2269 3812 saepe

730 3839 799 3914 fnit
822 3838 1067 3914 dominationis
1092 3849 1129 3913 et
1153 3840 1345 3937 tyrannidis
1367 3840 1555 3928 indicium,
1580 3841 1616 3914 in
1642 3839 1705 3913 hac
1726 3839 1837 3938 patria
1861 3848 1980 3913 nostre
2006 3837 2269 3912 documentum

731 3981 811 4031 esse
840 3958 949 4032 soleat
978 3958 1158 4033 libertatis.
1218 3958 1345 4057 Itaque
1367 3958 1466 4032 bonis
1487 3959 1610 4033 animis
1631 3958 1763 4058 pergite
1784 3967 1823 4031 ut
1842 3957 2041 4056 incepistis,
2067 3965 2123 4041 et,
2150 3977 2269 4052 quan·

731 4084 812 4150 tum
850 4077 887 4151 in
926 4076 1035 4150 Vobis
1069 4084 1144 4166 est,
1179 4077 1333 4151 solennia
1367 4087 1483 4152 nostra
1516 4079 1565 4152 ita
1597 4087 1733 4165 curate,
1773 4089 1811 4153 ut
1837 4078 1943 4178 digna
1971 4079 2043 4152 sint
2069 4074 2272 4151 Academia

733 4193 1080 4293 lugduno-Rotam,
1119 4219 1188 4268 non
1220 4195 1388 4269 libertatis
1419 4205 1575 4283 tantum,
1607 4197 1667 4270 sed
1700 4196 1926 4272 humanitatis
1958 4198 2066 4272 etiam
2096 4221 2138 4270 ao
2169 4219 2270 4270 com·
2311 4207 2317 4218 ·

736 4313 857 4386 munis
882 4313 1008 4387 civium
1033 4313 1206 4387 felicitatis
1229 4314 1409 4411 praesidio.
1674 4303 1679 4311 ⁴

789 4432 872 4504 Une
906 4455 960 4504 res
991 4431 1214 4506 memorande
1248 4438 1372 4518 restat,
1407 4431 1468 4504 sed
1497 4432 1613 4530 magni
1637 4431 1694 4505 illa
1722 4434 1906 4520 momenti,
1934 4433 2100 4531 Vosque,
2127 4433 2272 4506 amicis·

739 4549 822 4623 simi
854 4550 1015 4638 iuvenes,
1049 4575 1139 4624 novo
1174 4550 1293 4624 ardore
1323 4551 1587 4624 inflammatura.
1638 4551 1813 4649 Optimam
1842 4576 1937 4639 rem,
1974 4559 2015 4627 ut
2034 4551 2152 4626 iacere
2181 4551 2270 4626 sole·

739 4692 842 4755 mus,
880 4668 916 4740 in
955 4667 1118 4743 orationis
1151 4669 1282 4742 exitum
1315 4670 1492 4744 reservavi.
1544 4670 1675 4743 Audite
1711 4670 1795 4768 quid
1834 4672 1947 4747 velim.
1997 4672 2143 4770 Nuper,
2186 4695 2271 4746 cum

738 4786 889 4862 Briellue
921 4787 1031 4862 leatus
1062 4787 1120 4896 ille
1151 4786 1225 4860 dies
1255 4795 1428 4884 ageretur,
1463 4788 1538 4860 Rex
1564 4789 1842 4879 illustrissimus,
1867 4791 2082 4866 Academiae
2109 4792 2275 4866 verbisa
