4962 6178
603 629 609 642 ⁸
702 671 744 740 sa
1059 685 1063 700 ·
1294 665 1334 730 a.
1371 659 1633 732 navarus

704 878 801 953 lctis
829 877 1038 953 instructum
1063 882 1118 948 est
1142 873 1339 959 theatrum,
1371 894 1413 944 er
1437 893 1527 969 qno,
1553 866 1689 944 maculo
1712 865 1822 941 XVII
1847 865 2021 941 adfinem
2047 875 2228 966 vergente,

706 1001 754 1074 de
785 999 861 1074 iure
896 997 1002 1071 etiam
1037 993 1177 1094 publico
1215 999 1251 1066 et
1282 991 1442 1092 gentium
1474 999 1510 1066 et
1547 999 1691 1067 naturae
1726 987 1888 1063 lectiones
1924 987 2105 1063 institutae
2136 998 2227 1067 sunt.

705 1123 804 1199 Quas
835 1115 1036 1216 disciplinas
1074 1112 1318 1214 profitentibus
1354 1135 1538 1201 uoonrro,
1573 1109 1721 1208 impigro
1756 1107 1924 1183 libertatis
1954 1119 2118 1206 patrono,
2152 1119 2227 1186 tum

704 1261 919 1327 vrnuramo,
953 1258 1124 1342 wnrssro,
1156 1255 1350 1322 ansrnnro,
1382 1233 1419 1306 in
1444 1230 1723 1330 frequentissima
1746 1227 1943 1304 auditorum
1967 1251 2110 1317 corona,
2135 1238 2227 1304 exte·

703 1385 821 1436 rorum
854 1383 994 1459 quoque
1029 1367 1065 1432 et
1103 1354 1416 1442 nobilissimorum,
1452 1378 1495 1427 ex
1522 1351 1679 1425 universa
1703 1348 1773 1425 tere
1797 1351 1938 1448 Europa
1957 1348 2226 1440 confluentium,

702 1479 903 1556 incredibile
935 1479 1031 1553 dictu
1067 1484 1119 1552 est
1156 1481 1327 1574 qnantum
1360 1473 1488 1573 ceperit
1520 1469 1746 1546 emolumenti
1779 1469 2150 1558 humanitatiscauaa,
2166 1478 2228 1568 tot

702 1602 833 1676 talibus
866 1597 1045 1696 discipulis
1080 1623 1100 1672 a
1134 1603 1309 1670 tantorum
1342 1595 1523 1670 doctorum
1548 1617 1606 1667 ore
1628 1588 1882 1691 pendentibus,
1916 1590 1978 1688 qui
2002 1589 2227 1666 saluberrima

701 1729 885 1820 praecepta
917 1742 997 1793 mox
1031 1740 1092 1816 per
1125 1723 1235 1790 totam
1270 1713 1417 1814 patriam
1450 1723 1485 1788 et
1517 1713 1554 1787 in
1579 1712 1740 1787 cultiores
1764 1733 1920 1809 quasque
1946 1710 2102 1784 nationes
2124 1709 2226 1810 longe

702 1842 840 1940 lateque
873 1843 1075 1938 spargerent
1106 1837 1212 1934 inque
1247 1837 1336 1910 vitae
1370 1834 1529 1934 publicae
1561 1857 1663 1907 usum
1696 1830 1900 1905 conterrent.
1952 1831 2003 1905 Hi
2025 1839 2143 1905 antem
2167 1831 2228 1904 viri

703 1959 852 2060 egregii,
887 1984 957 2057 qua
987 1965 1085 2032 erant
1110 1956 1295 2055 prudentia
1320 1963 1354 2029 et
1378 1955 1630 2040 moderatione,
1659 1976 1771 2026 veram
1800 1951 1996 2028 libertatem
2021 1950 2226 2041 tuebantur,

702 2106 724 2155 a
745 2079 884 2156 licentia
908 2085 943 2152 et
964 2077 1157 2177 petulantia
1179 2074 1446 2151 diversissimam
1470 2077 1533 2167 ²¹).
1584 2073 1786 2171 Eodemque
1805 2071 1921 2146 animo
1941 2078 2039 2146 erunt
2054 2093 2225 2146 nnurrrus

702 2210 737 2276 et
770 2223 967 2289 conamus,
1001 2205 1148 2295 uterque
1184 2195 1345 2270 historiae
1377 2196 1566 2294 interpres,
1597 2192 1653 2268 hio
1686 2213 1962 2268 wasnruaroun
2000 2200 2035 2265 et
2070 2215 2226 2266 ananau

701 2321 853 2409 amicus,
888 2319 945 2393 ille
970 2317 1057 2392 iuris
1081 2316 1215 2417 publici
1240 2316 1460 2391 Neerlandioi
1481 2315 1681 2390 reformator
1703 2312 1880 2410 totiusque
1904 2310 2067 2386 historiae
2091 2319 2227 2386 nostrae

702 2439 820 2514 critica
844 2437 975 2514 ratione
994 2435 1241 2511 instaurandae
1265 2443 1500 2534 propugnator
1522 2435 1680 2509 omnium
1706 2432 1807 2508 facile
1830 2432 2002 2530 princeps.
2040 2431 2091 2505 At
2111 2439 2228 2506 secuta

702 2585 783 2635 mox
816 2567 899 2633 sunt
936 2566 1112 2657 tempora,
1150 2555 1279 2656 quibus
1315 2557 1391 2655 ipsa
1426 2555 1616 2630 moderatio
1649 2559 1810 2652 suspecta
1842 2577 1919 2626 esse
1951 2552 2076 2649 coepit.
2136 2551 2225 2626 Cum

701 2675 794 2752 enim
829 2677 866 2750 in
900 2676 1066 2764 Francia,
1104 2673 1163 2748 ubi
1199 2674 1294 2774 turpi
1325 2674 1507 2773 tyrannide
1537 2673 1677 2748 libertas
1710 2674 1771 2746 diu
1804 2680 1974 2772 prostrata
2006 2672 2173 2760 manerat,
2208 2698 2229 2746 o

700 2798 849 2872 violenta
882 2819 998 2870 rerum
1029 2793 1251 2868 conversione
1283 2794 1372 2868 tanti
1398 2793 1530 2868 furores
1555 2791 1784 2881 exarsissent,
1810 2792 1895 2892 quid
1921 2793 2069 2880 mirum,
2094 2799 2228 2867 nostros

700 2916 879 2993 historicos
912 2924 947 2990 et
978 2915 1084 2988 ICtos
1115 2915 1160 2988 ab
1196 2913 1263 2987 ista
1292 2913 1558 3014 intemperantia
1581 2914 1823 2988 abhorruisse?
1861 2913 1930 2987 Sed
1954 2912 2228 2987 abhorrebanta

700 3036 869 3123 libidine,
893 3035 952 3108 cui
978 3033 1163 3108 honestum
1190 3033 1359 3109 libertatis
1381 3059 1506 3110 nomen
1531 3035 1839 3135 praetendebatur,
1864 3058 1933 3108 non
1956 3034 2001 3108 ab
2030 3033 2105 3132 ipsa
2126 3033 2226 3108 liber·

700 3165 783 3230 tate.
834 3153 937 3229 Hanc
968 3178 1048 3229 vero
1079 3154 1264 3244 amabant,
1297 3154 1386 3229 hanc
1416 3156 1518 3255 longo
1546 3179 1614 3230 usu
1641 3155 1709 3230 sibi
1730 3141 1905 3253 cognitam
1929 3153 2086 3228 alacriter
2111 3152 2227 3227 delen·

702 3275 843 3351 debant.
896 3276 1001 3349 eluro
1031 3275 1209 3348 humana''
1244 3276 1280 3350 in
1313 3276 1458 3350 Francia
1494 3276 1777 3363 venditabantur,
1808 3274 1910 3373 quasi
1931 3297 2049 3348 recens
2072 3281 2224 3372 reperta,

702 3420 796 3470 nunc
828 3391 971 3469 demum
1004 3394 1210 3469 mortalibus
1243 3395 1391 3470 salutem
1419 3394 1572 3471 allatura.
1623 3395 1807 3470 Knurrrns
1832 3395 1933 3469 docta
1960 3395 2145 3495 scriptione
2169 3396 2226 3468 de·

701 3514 925 3604 monstravit,
961 3539 1002 3590 ea
1036 3515 1112 3590 iura
1131 3515 1167 3589 in
1191 3515 1301 3614 patria
1321 3524 1439 3591 nostra
1459 3540 1529 3590 non
1554 3516 1635 3590 licto
1655 3513 1816 3603 nomine,
1849 3514 1911 3589 sed
1932 3514 2008 3615 ipsa
2032 3539 2069 3589 re
2091 3515 2226 3591 iamdu-

703 3637 788 3711 dum
809 3637 944 3735 integra
964 3636 1116 3735 viguisse
1137 3638 1199 3729 ²³).
1235 3637 1285 3710 At
1308 3636 1509 3710 hominibus
1530 3635 1693 3711 calidiora
1712 3634 1855 3710 consilia
1873 3634 2087 3733 agitantibus
2105 3657 2228 3734 parum

702 3756 767 3830 hoe
791 3763 874 3830 erat.
931 3753 1059 3830 Vetera
1081 3754 1349 3830 contemnebant
1375 3777 1541 3828 novarum
1565 3779 1678 3830 rerum
1702 3755 1831 3853 cupidi.
1882 3754 2010 3830 Odisse
2033 3755 2228 3829 libertatem

702 3874 901 3964 videbatur,
926 3874 989 3974 qui
1008 3875 1107 3949 aliter
1129 3882 1235 3973 atque
1258 3873 1325 3972 ipsi
1349 3873 1641 3974 interpretaretur.
1692 3877 1837 3974 Itaque,
1862 3883 1997 3949 mutato
2021 3875 2229 3973 reipublicae

703 4002 815 4083 statu,
849 4016 966 4069 rerum
1001 3993 1126 4094 potiti,
1160 4002 1195 4069 et
1224 4017 1408 4069 xnnrrruu
1440 4003 1475 4068 et
1506 4019 1692 4070 nuzaoruu
1722 4004 1759 4069 et
1789 4017 1993 4071 anonumum
2025 3993 2229 4094 professorio

700 4112 776 4186 loeo
806 4118 1007 4202 moverunt,
1041 4137 1085 4188 no
1123 4112 1211 4211 quid
1245 4112 1374 4187 scilicet
1410 4113 1549 4189 libertas
1575 4122 1711 4215 caperet
1742 4116 1957 4190 detrimenti!
1996 4115 2116 4215 Usque
2140 4113 2229 4189 adeo

701 4230 854 4329 partium
886 4231 1002 4306 studia
1035 4238 1072 4306 et
1103 4233 1174 4307 irae
1211 4232 1343 4307 animos
1378 4244 1656 4323 occaecaverant,
1685 4245 1724 4310 ut
1747 4237 1809 4334 qui
1827 4235 1920 4311 idem
1944 4236 2168 4335 spectabant,
2193 4241 2230 4310 at

704 4351 837 4425 diversa
872 4353 926 4426 via
959 4377 998 4427 ao
1033 4352 1168 4428 ratione
1199 4353 1454 4452 procedendum
1491 4379 1565 4429 esse
1598 4353 1805 4444 censebant,
1842 4379 1903 4455 pro
1938 4355 2087 4430 inimicis
2121 4362 2227 4454 atque

703 4470 838 4544 infestis
860 4469 1080 4549 haberentur.
1132 4471 1289 4546 Eandem
1312 4482 1429 4548 autem
1452 4473 1615 4549 iniuriam
1641 4519 1691 4534 -
1714 4483 1754 4549 ut
1776 4484 1873 4552 erant
1894 4483 1978 4551 tnnc
1999 4483 2156 4574 tempora
2177 4517 2229 4566 -.·

702 4616 724 4665 a
746 4589 915 4665 contraria
936 4590 1084 4666 lectione
1108 4617 1233 4690 passus
1255 4590 1368 4668 fuerat
1389 4617 1523 4668 usurus
1544 4617 1715 4683 vocans,
1739 4602 1820 4670 ante
1842 4594 2060 4693 septennium
2084 4615 2227 4668 munere

702 4717 846 4798 erutus,
871 4733 953 4785 cum
975 4709 1217 4786 iusiurandum
1240 4712 1307 4786 sibi
1332 4713 1532 4812 impositum
1560 4715 1641 4790 dare
1666 4722 1849 4790 recusaret.
1899 4715 2005 4789 Nunc
2034 4713 2071 4788 in
2091 4713 2227 4789 Acade·

702 4830 810 4905 miam
833 4829 945 4905 redux
971 4831 1162 4907 masculam
1185 4831 1309 4907 habuit
1327 4833 1517 4908 orationem
1544 4833 1609 4908 ade
1634 4834 1792 4909 libertate
1815 4833 1985 4908 sentiendi
2000 4832 2228 4931 dicendique,
