4962 6178
680 665 724 732 20
1275 660 1315 726 ld.
1351 660 1413 725 DE
1447 660 1612 730 VlllES

682 871 813 973 patriae
851 870 1010 967 exempla
1045 892 1184 956 eorum,
1227 868 1289 966 qui
1321 893 1363 941 err
1398 867 1475 967 ipso
1510 866 1575 941 boo
1609 865 1786 941 literarum
1818 866 1934 942 studio
1970 893 2028 942 eos
2066 867 2208 966 spiritus

683 996 862 1094 gererent,
899 997 938 1064 ut
971 1013 1036 1064 nec
1072 987 1221 1062 acirium
1254 987 1375 1062 ardore
1406 1011 1512 1088 prava
1545 984 1780 1076 iubentium'',
1812 1012 1875 1064 nec
1903 987 2025 1063 evultu
2047 988 2209 1064 instantis

683 1110 845 1212 tyranni’'
880 1114 1188 1184 commoverentur.
1237 1107 1292 1181 Ex
1324 1106 1515 1196 fructibus,
1550 1115 1589 1181 ut
1616 1114 1669 1182 est
1691 1106 1727 1180 in
1747 1107 1946 1206 proverbio,
1972 1108 2209 1206 cognoscenda

682 1239 735 1306 est
767 1229 878 1304 arbor.
926 1229 1114 1302 Fateamur
1147 1210 1267 1326 igitui,
1299 1227 1507 1326 praeclaram
1540 1251 1615 1300 esse
1643 1227 1821 1318 arborem,
1855 1253 1944 1328 quae
1965 1228 2051 1304 tales
2077 1228 2208 1304 fructus

681 1352 821 1452 gignat;
855 1372 919 1422 nec
952 1347 1155 1423 dubitemus
1181 1356 1339 1422 strenuos
1363 1347 1532 1422 libertatis
1556 1347 1708 1422 vindices
1734 1348 1905 1448 appellare
1930 1348 2019 1422 viros
2041 1349 2207 1424 excellen-

680 1479 750 1559 tes,
776 1469 838 1569 qui
858 1469 896 1542 in
921 1469 986 1542 hac
1011 1467 1202 1542 Academia
1224 1465 1446 1566 philologiam
1469 1467 1612 1566 professi
1638 1474 1730 1542 sunt.

728 1591 866 1665 Horum
903 1589 1010 1688 igitur
1041 1588 1190 1662 virorum
1223 1593 1321 1661 tanta
1351 1587 1418 1661 luit
1448 1586 1656 1680 auctoritas,
1693 1597 1732 1662 ut
1760 1613 1849 1686 quae
1883 1587 2031 1662 docendi
2059 1587 2145 1662 ratio
2168 1588 2206 1662 in

678 1709 932 1810 philologorum
954 1707 1080 1782 sobolis
1106 1707 1231 1795 valuit,
1256 1706 1377 1781 eadem
1402 1707 1438 1780 in
1461 1707 1584 1782 ceteris
1606 1708 1710 1782 etiam
1736 1707 1927 1807 disciplinis
1953 1706 2203 1806 utplurimum

679 1829 835 1904 valuerit.
885 1828 1011 1926 Neque
1049 1826 1141 1901 enim
1175 1827 1283 1900 nostri
1319 1835 1381 1902 aut
1420 1828 1591 1927 theologi,
1627 1836 1688 1902 aut
1726 1827 1825 1915 lcii,
1861 1835 1923 1902 out
1962 1826 2111 1914 medici,
2146 1833 2207 1900 aut

607 1951 611 1960 ’
678 1973 794 2024 rerum
832 1947 1042 2023 naturalium
1077 1955 1284 2020 scrutatores
1316 1946 1470 2046 plerique
1510 1947 1608 2022 aliter
1643 1958 1799 2046 egerunt.
1861 1947 1934 2026 Qui
1969 1971 2051 2022 cum
2085 1970 2205 2022 omnes

675 2069 748 2144 fere
781 2069 818 2142 in
853 2068 994 2143 Graecis
1022 2091 1062 2140 ac
1095 2065 1230 2140 Latinis
1256 2065 1450 2142 studiorum
1475 2067 1629 2142 tirocinia
1654 2069 1871 2167 posuissent,
1898 2093 1961 2142 nec
1989 2067 2206 2142 mediocriter

677 2189 787 2264 literis
823 2189 951 2264 eruditi
988 2213 1063 2262 esse
1101 2187 1268 2275 solerent,
1304 2186 1348 2261 ab
1380 2186 1434 2260 bis
1470 2188 1613 2284 profecti
1648 2213 1724 2264 eam
1758 2187 1997 2263 liberalitatem
2024 2195 2060 2261 et
2087 2187 2206 2262 iudicii

677 2310 882 2398 sanitatem,
908 2333 1012 2406 quam
1039 2307 1075 2380 in
1105 2307 1168 2380 bac
1191 2307 1360 2407 palaestra
1386 2318 1608 2406 acceperant,
1631 2309 1668 2383 in
1692 2334 1790 2384 suam
1818 2307 1965 2407 quisque
1990 2316 2099 2383 artem
2123 2331 2202 2382 con·

678 2430 845 2504 tulerunt.
897 2428 1103 2524 Numquam
1140 2426 1273 2524 placuit
1316 2426 1485 2525 theologis
1525 2430 1651 2502 nostris
1683 2429 1828 2504 istorum
1862 2427 2015 2515 vanitas,
2056 2435 2095 2501 ut
2127 2436 2204 2502 utor

677 2549 791 2625 uerbis
831 2546 1007 2622 Stultitiae
1041 2545 1135 2644 apud
1170 2568 1369 2633 caranum,
1398 2545 1461 2642 qui
1493 2553 1645 2644 rnegant
1677 2573 1697 2621 e
1729 2547 1898 2646 dignitate
1932 2571 2107 2621 sacrarum
2129 2546 2204 2620 lite·

674 2693 790 2744 rarum
823 2693 918 2756 esse,
953 2667 983 2739 si
1014 2664 1317 2763 grammaticorum
1350 2663 1487 2762 legibus
1516 2690 1634 2763 parere
1666 2668 1857 2766 cogantur'’
1890 2667 1937 2760 ⁰).
1989 2668 2066 2742 lmo
2103 2690 2203 2755 vero,

671 2789 782 2889 ipsius
814 2810 952 2862 nassrrr
981 2784 1157 2884 exemplo,
1191 2783 1247 2858 hic
1274 2808 1414 2882 quoque
1435 2783 1671 2882 incipiendum
1695 2811 1770 2860 esse
1798 2793 2008 2861 censuerunt
2031 2786 2076 2860 ab
2100 2809 2202 2860 accu-

672 2917 748 2982 rata
775 2905 1079 3006 interpretatione,
1108 2903 1146 2977 in
1175 2926 1245 3000 qua
1268 2927 1331 2976 neo
1355 2903 1399 2976 de
1415 2905 1663 3002 grammatices
1687 2932 1750 2982 nec
1775 2907 1818 2981 de
1841 2905 1974 2982 critices
1998 2906 2072 2980 iure
2098 2905 2200 3004 quid·

672 3051 778 3127 quam
810 3026 1043 3122 derogaretur.
1095 3023 1187 3095 Tum
1217 3023 1476 3113 intellexerunt,
1502 3024 1538 3098 in
1564 3029 1679 3100 reruni
1704 3026 1808 3102 etiam
1841 3025 2034 3101 divinarum
2061 3023 2200 3100 investi·

670 3145 827 3245 gatione,
852 3150 893 3220 ut
913 3143 1045 3241 aliquid
1067 3144 1231 3241 proficere
1250 3141 1444 3241 possimus,
1470 3167 1662 3242 numquam
1687 3144 1943 3219 deflectendum
1972 3169 2047 3218 esse
2070 3153 2199 3218 erecta

645 3265 823 3354 satione,
854 3263 890 3337 in
922 3287 990 3361 qua
1026 3262 1093 3337 sita
1123 3271 1175 3336 est
1208 3261 1309 3336 unica
1336 3263 1405 3336 veri
1429 3262 1627 3337 inveniendi
1655 3288 1743 3361 spes.
1798 3265 1923 3364 Itoque
1948 3262 2198 3362 discipulorum

671 3385 788 3462 studia
823 3408 864 3458 eo
900 3407 975 3457 esse
1008 3381 1207 3482 dirigenda,
1245 3389 1284 3454 ut
1317 3382 1390 3456 suis
1422 3382 1489 3482 ipsi
1525 3383 1633 3457 oculis
1660 3384 1833 3474 viderent,
1870 3383 1987 3459 omnia
2016 3383 2199 3482 diligenter
2302 3391 2306 3398 '

671 3505 906 3604 explorarent,
931 3501 1152 3602 prudentiam
1178 3525 1258 3576 cum
1286 3501 1406 3576 iudicii
1429 3502 1588 3576 acumine
1615 3503 1886 3603 coniungerent,
1913 3528 1978 3579 nec
2004 3510 2197 3576 metuerent

669 3625 706 3698 in
730 3622 794 3698 hac
816 3645 956 3722 quoque
977 3621 1158 3721 disciplina
1182 3645 1258 3694 eam
1280 3621 1444 3696 adbibere
1468 3622 1654 3697 dubitandi
1676 3624 1873 3712 fidentiam,
1899 3647 1988 3721 quae
2014 3623 2051 3696 in
2076 3622 2197 3698 ceteris

669 3743 894 3819 saluberrima
915 3741 982 3816 luit
997 3743 1056 3834 ¹⁰).
1107 3741 1303 3815 Fidentiam
1325 3740 1421 3828 dico,
1447 3764 1517 3814 non
1536 3741 1715 3816 audaciam
1736 3749 1798 3815 aut
1816 3741 2060 3816 temeritatem.
2087 3741 2195 3836 Nam·

668 3887 737 3963 que
771 3863 858 3938 nibil
893 3887 934 3936 ea
962 3862 1000 3934 in
1033 3884 1070 3936 re
1101 3861 1215 3935 inesse
1244 3859 1393 3936 levitatis
1423 3861 1554 3959 optime
1588 3861 1804 3948 sentiebaut;
1839 3885 1928 3959 quae
1959 3861 2054 3934 enim
2080 3859 2196 3935 divina

668 3981 756 4070 sint,
783 3980 976 4056 dubitando
998 4004 1067 4054 non
1091 4005 1191 4080 posse
1216 3980 1382 4069 conuelli3
1407 4005 1497 4079 quoe
1523 4005 1601 4055 vero
1622 3980 1879 4069 convellantur,
1904 4005 1973 4054 non
1997 4005 2100 4079 posse
2120 4003 2194 4054 esse

668 4101 794 4177 divina.
846 4103 976 4200 Sponte
1004 4099 1228 4198 intelligitur,
1262 4107 1433 4199 quantum
1459 4102 1507 4176 sic
1531 4099 1723 4189 effecerint,
1751 4111 1789 4174 ut
1814 4099 1986 4175 libertatis
2010 4124 2133 4174 sensus
2156 4101 2195 4173 in

666 4227 834 4302 iuvenum
852 4227 977 4301 animis
998 4226 1215 4300 excitaretur.
1265 4223 1347 4296 Non
1366 4220 1444 4296 dico
1464 4221 1547 4296 haec
1566 4220 1609 4295 de
1628 4221 1815 4311 omnibus,
1834 4229 2006 4320 quotquot
2025 4243 2192 4318 umquam

665 4346 875 4446 theologiam
907 4347 962 4420 hio
997 4346 1189 4421 docuerunt
1222 4387 1270 4400 —
1305 4343 1401 4416 luere
1434 4341 1528 4416 enim
1561 4340 1690 4438 quibus
1718 4366 1788 4416 non
1821 4341 1860 4415 id
1891 4340 2000 4416 animi
2031 4348 2121 4414 esset
2154 4349 2193 4415 ut

666 4489 785 4565 sapere
820 4465 987 4541 auderent
1018 4507 1088 4555 -,
1124 4463 1185 4539 sed
1219 4463 1296 4536 dico
1331 4461 1375 4534 de
1411 4460 1574 4559 optimis,
1609 4483 1758 4559 quorum
1786 4461 1985 4560 exemplum
2013 4469 2192 4558 tomquam

663 4609 783 4660 norma
806 4584 893 4675 luit,
927 4609 1033 4683 quam
1058 4583 1214 4684 plerique
1237 4591 1474 4680 sequerentur.
1526 4581 1713 4670 Ceterum,
1735 4580 1766 4654 si
1788 4579 1875 4678 quid
1897 4580 1979 4654 olim
2007 4605 2106 4655 secus
2129 4577 2190 4653 ob·

663 4705 826 4796 tinuerit,
851 4728 932 4780 eum
956 4704 1128 4804 theologia
1151 4702 1323 4802 quaedam
1354 4701 1453 4800 quasi
1478 4701 1660 4800 peculiaris
1684 4701 1864 4801 disciplina
1888 4725 1928 4775 oc
1951 4699 2059 4774 veluti
2080 4723 2191 4774 sacro·

668 4833 788 4902 sancte
826 4849 902 4902 esse
936 4823 1005 4898 sibi
1043 4823 1236 4912 uideretur,
1275 4845 1317 4896 ex
1352 4828 1547 4920 temporum
1584 4822 1716 4896 ratione
1752 4821 1851 4898 lacile
1886 4820 2085 4919 explicatur.
2142 4819 2193 4893 At
2299 4907 2304 4916 .
