4962 6178
885 691 1165 764 enarro.
1732 653 1783 760 ¹ar

255 898 368 975 verbis
405 899 534 1000 gratias
571 899 651 974 'libi
683 901 740 999 egi
776 901 937 1000 privatim
965 913 1000 976 et
1024 926 1116 976 nunc
1146 927 1213 1001 ago
1240 902 1389 1000 publice.
1441 903 1569 975 Noster
1594 902 1649 975 Τιι
1675 900 1787 975 lactus

255 1045 316 1111 es,
341 1020 499 1096 moribus
522 1019 668 1120 ipsoque
695 1044 851 1094 sermone
873 1021 922 1096 ita
944 1021 1158 1097 nostratibus
1184 1022 1417 1113 assimilatus,
1444 1031 1484 1095 ιιι
1510 1046 1601 1096 unus
1625 1022 1667 1095 de
1689 1021 1790 1094 nobis

261 1167 336 1217 esse
375 1141 530 1216 videaris.
587 1141 659 1215 Dia
697 1165 838 1216 maneas
872 1153 1008 1231 noster,
1047 1141 1178 1240 diuque
1216 1143 1400 1241 experiaris
1441 1143 1564 1240 quanti
1599 1150 1635 1215 te
1670 1165 1791 1215 omnes

255 1263 431 1338 iaciamus.
483 1263 559 1336 Tuo
594 1259 736 1359 ingenio
773 1262 919 1360 Tuaque
958 1261 1154 1336 eruditione
1184 1273 1219 1334 et
1247 1262 1376 1362 insigni
1404 1262 1526 1361 peritia
1547 1262 1669 1336 multis
1691 1262 1791 1337 annis

255 1383 391 1482 fruatur
416 1380 605 1457 Academia
633 1381 980 1480 Lugduno·Batava,
998 1383 1196 1481 ='lluumque
1219 1407 1345 1457 nomen
1371 1383 1673 1482 praestantissimis
1697 1392 1790 1457 exte·

255 1529 371 1579 rorum
397 1501 617 1590 nominibus,
652 1502 714 1602 qui
739 1502 830 1577 hano
854 1503 1032 1577 literarum
1063 1504 1179 1578 sedem
1207 1503 1444 1592 illustrarunt,
1472 1503 1658 1602 aliquando
1679 1528 1789 1577 annu·

255 1630 415 1698 meretur.

302 1742 471 1816 Nondum
491 1742 616 1816 missos
637 1740 725 1816 lucio
748 1742 911 1817 medicos.
944 1739 1110 1841 Namque
1130 1744 1229 1831 Tibi,
1248 1745 1308 1828 ⁴01.
1329 1765 1441 1816 srmou
1462 1765 1635 1830 anonas,
1661 1743 1787 1817 lestum

256 1863 349 1940 diem
378 1863 552 1963 gratulor,
585 1887 655 1962 quo
690 1862 787 1936 licuit
818 1864 903 1938 Tibi·
929 1865 1127 1963 professorii
1155 1863 1309 1938 muneris
1337 1862 1555 1938 laudabiliter
1576 1862 1666 1961 gesti
1690 1862 1790 1960 quin·

255 1993 332 2060 tum
369 1985 519 2059 lustrum
556 1984 714 2058 condere.
765 1984 813 2056 Et
848 1986 924 2059 iure
958 1984 1100 2083 quidem
1135 1978 1269 2059 felicem
1298 1985 1347 2057 Te
1373 1982 1552 2081 praedico,
1586 2006 1689 2080 quem
1716 1983 1791 2057 Tua

254 2103 425 2180 industria
458 2104 574 2178 labore
612 2127 682 2178 non
717 2103 913 2178 intermisso
952 2112 1106 2180 votorum
1143 2113 1337 2203 compotem
1374 2102 1503 2177 lecerit.
1550 2103 1619 2191 ue,
1648 2127 1729 2177 cum
1754 2104 1790 2177 in

256 2225 466 2325 auspicanda
500 2223 647 2300 docendi
675 2223 851 2323 provincia
881 2225 946 2299 nde
974 2225 1058 2298 artis
1083 2223 1301 2299 obstetricias
1328 2223 1548 2297 institutione
1571 2222 1636 2296 rite
1659 2222 1792 2297 instau-

256 2348 387 2420 randa''
416 2346 515 2419 docte
544 2345 761 2444 disputares,
786 2353 966 2443 optantem
999 2344 1219 2433 audivimus,
1247 2353 1286 2418 ut
1311 2345 1443 2418 rfines''
1465 2343 1561 2416 Tuae
1587 2343 1692 2416 cartis
1716 2367 1792 2441 pro·

257 2465 386 2541 latare'’
410 2465 491 2539 'Itbi
513 2465 750 2562 contingeret,
778 2473 886 2563 utque
910 2491 952 2538 ex
978 2465 1041 2540 hac
1064 2465 1254 2539 Academia
1278 2464 1456 2564 ugermani
1477 2462 1654 2561 prodirent
1675 2463 1790 2540 obste-

242 2586 470 2661 .tricatores·.’'
521 2585 626 2682 Spem
667 2608 737 2657 non
773 2584 894 2658 lelellit
925 2594 1085 2659 eventus.
1136 2585 1233 2658 Artis
1262 2586 1354 2659 enim
1383 2581 1627 2658 saluberrimae
1652 2584 1791 2658 institu-

257 2705 387 2779 tionem
422 2729 442 2776 a
475 2704 525 2776 'Pe
552 2703 601 2776 ita
625 2728 701 2776 asse
725 2703 979 2792 instauratam,
1014 2705 1157 2778 atinde
1183 2705 1218 2778 in
1241 2705 1351 2805 ipsam
1375 2703 1590 2801 disciplinam
1614 2703 1792 2778 laetissimi

257 2823 391 2898 fructus
420 2821 710 2908 redundaverint,
745 2829 922 2895 testantur
960 2817 1082 2896 omnes
1114 2823 1237 2896 harum
1264 2849 1378 2897 rernm
1408 2823 1530 2921 periri,
1555 2824 1674 2920 Teque
1697 2823 1790 2898 illius

259 2943 327 3018 diei
359 2942 558 3016 memoriam
585 2941 793 3015 recolentem
820 2941 1023 3016 salutabant
1052 2941 1145 3016 baud
1173 2945 1275 3041 pauci
1298 2943 1478 3040 discipuli,
1504 2943 1623 3040 quales
1648 2944 1704 3018 ‘ru
1726 2945 1790 3018 tibi

259 3088 395 3162 sperare
422 3061 594 3161 potuisses
630 3061 791 3161 optimos.
843 3061 1013 3134 Omnium
1046 3061 1164 3159 itaque
1192 3061 1362 3160 applausu
1386 3061 1461 3134 Rex
1489 3062 1791 3159 Angustissimus,

261 3194 301 3258 ut
338 3182 468 3257 meritis
499 3181 585 3255 Tuis
619 3180 747 3279 dignus
769 3189 943 3256 constaret
972 3181 1100 3270 honae,
1126 3181 1259 3256 ordinis
1281 3180 1452 3279 equestris
1474 3179 1602 3254 leonis
1624 3181 1789 3257 Neerlan·

262 3302 330 3377 dici
350 3302 547 3402 insignibus
565 3301 619 3375 ‘l'e
644 3301 824 3376 decoravit.
861 3303 981 3377 Macte
1006 3303 1130 3376 virtute
1151 3303 1250 3393 Tua,
1274 3302 1324 3375 vir
1338 3300 1635 3388 aestimatissime,
1660 3302 1792 3401 diuque

260 3447 384 3522 pergas
422 3422 630 3497 Academiae
664 3421 713 3496 ita
750 3422 936 3521 prodesse,
979 3431 1019 3496 ut
1061 3446 1122 3522 per
1161 3421 1283 3521 viginti
1318 3421 1472 3520 quinque
1510 3445 1618 3495 annos
1655 3425 1792 3522 egregie

260 3541 432 3643 profuisti.

309 3663 442 3736 Eodem
489 3661 566 3750 die,
614 3686 683 3759 quo
718 3661 849 3761 collega
892 3671 1025 3751 noster,
1063 3664 1117 3737 Tu
1155 3663 1237 3737 olim
1278 3685 1405 3734 munus
1446 3661 1562 3734 Tuum
1603 3662 1790 3752 inchoasti,

261 3783 313 3858 Ol.
346 3805 523 3857 Karnana.
573 3781 653 3856 Tibi
689 3807 766 3856 vero
802 3805 872 3855 non
895 3782 1042 3881 contigit
1068 3793 1259 3856 extremum
1286 3780 1433 3854 lustrum
1458 3782 1507 3854 ita
1531 3781 1725 3871 absolvere,
1754 3795 1791 3859 ut

261 3928 364 4003 grave
396 3902 484 3977 illud
519 3901 712 4003 chirurgiae
749 3913 786 3976 et
823 3904 1030 3978 theoreticae
1068 3913 1103 3976 et
1138 3903 1307 4002 practicae
1340 3927 1428 3975 onus
1453 3902 1498 3974 ad
1525 3911 1652 3977 metam
1682 3928 1792 4002 usque

263 4025 459 4099 sustineres.
511 4023 677 4122 Improbe
713 4022 820 4096 labori
854 4025 1005 4123 corporis
1040 4025 1127 4098 vires
1159 4049 1226 4098 non
1254 4021 1484 4109 suffecerunt,
1515 4022 1563 4095 ita
1587 4023 1729 4120 quidem
1753 4033 1792 4098 nt

263 4155 343 4219 ante
364 4145 491 4218 iustam
515 4154 663 4218 aetatem
687 4169 706 4218 e
731 4143 798 4218 vita
821 4145 962 4243 publica
983 4145 1018 4218 in
1044 4146 1211 4243 privatam
1237 4143 1366 4216 invitus
1385 4143 1435 4216 Te
1454 4143 1632 4240 receperis.
1667 4145 1791 4243 Neque

263 4271 379 4338 tamea
412 4264 491 4339 ideo
519 4264 652 4338 minore
677 4289 697 4338 a
726 4264 825 4338 nobis
850 4267 958 4339 uteris
980 4264 1243 4338 existimatione.
1294 4264 1432 4336 Fortem
1458 4261 1550 4335 enim
1575 4264 1709 4353 virum,
1730 4266 1792 4364 qui

263 4384 309 4458 ob
347 4384 485 4459 vulnera
517 4385 659 4460 adversa
683 4384 717 4458 iu
749 4385 877 4482 proelio
903 4395 1044 4484 accepta
1068 4385 1208 4459 militiae
1233 4383 1442 4457 vacationem
1475 4383 1690 4480 impetravit,
1716 4387 1790 4483 pari

263 4502 367 4578 laude
403 4501 548 4600 dignum
581 4527 765 4578 censemus
798 4513 919 4601 atque
942 4503 1062 4590 illum,
1098 4503 1159 4601 qui
1197 4503 1310 4577 salvus
1348 4515 1383 4576 et
1417 4498 1599 4577 incolumis
1631 4504 1667 4576 in
1702 4505 1790 4580 bello

263 4630 403 4723 perstet.
455 4622 568 4722 Igitur
590 4624 639 4698 Te
661 4623 729 4696 iam
758 4621 828 4694 otio
850 4645 931 4694 cum
955 4621 1124 4720 dignitate
1144 4621 1318 4695 fruentem
1347 4647 1387 4696 eu
1407 4623 1648 4721 prosequimur
1673 4624 1788 4698 obser·

265 4743 400 4829 santia,
434 4767 524 4840 quae
554 4744 633 4817 Tibi
657 4744 703 4817 ob
733 4766 859 4840 magna
883 4765 964 4839 erga
993 4741 1217 4816 Academiam
1245 4743 1366 4834 merita
1394 4741 1550 4818 debetur.
1602 4743 1788 4817 Laetamur

264 4872 381 4938 autem
413 4863 644 4938 valetudinem
684 4863 732 4939 ita
762 4861 841 4935 'libi
864 4863 1121 4950 confirmatam,
1150 4873 1189 4936 ut
1217 4887 1259 4936 ex
1282 4863 1433 4937 instante
1460 4873 1657 4949 senectute,
1682 4887 1788 4960 quam
