4962 6178
708 703 751 766 38
889 761 896 772 ,
1306 691 1346 757 Μ.
1384 689 1445 754 DE
1481 687 1643 755 vullis

704 906 874 1008 placidam
918 929 957 979 ac
999 898 1218 997 tranquillam
1256 898 1336 973 Tibi
1375 913 1599 996 exoptamus,
1646 893 1796 994 aliquem
1832 891 1936 968 etiam
1977 896 2027 970 rei
2065 895 2233 974 literariae

705 1028 856 1102 fructum
883 1020 1045 1121 augurari
1069 1019 1180 1094 liceat.

756 1148 853 1222 Tuus
887 1143 990 1218 etiem
1027 1141 1063 1214 in
1098 1139 1253 1214 ordinem
1287 1151 1443 1215 nostrum
1486 1137 1656 1212 adventus
1688 1133 1723 1206 iu
1754 1135 1904 1208 eundem
1936 1160 2066 1211 aunum
2093 1137 2232 1226 incidit,

704 1265 878 1344 carissime
914 1286 962 1338 nn
1000 1285 1091 1337 wan.
1155 1259 1357 1334 Triennium
1394 1268 1449 1333 est
1485 1282 1526 1332 ex
1566 1280 1637 1354 quo
1672 1254 1773 1330 nobis
1802 1255 2013 1345 valedixisti,
2052 1268 2091 1332 ut
2114 1257 2232 1358 legum

702 1385 898 1490 poenalium
932 1381 1190 1458 scribendarum
1223 1381 1332 1455 arduo
1360 1379 1499 1479 negotio
1523 1399 1708 1478 praeesses.
1758 1377 1809 1450 At
1836 1376 1944 1451 nostri
1971 1377 2113 1453 Tenon
2141 1380 2233 1480 cepit

703 1508 850 1594 oblivio,
885 1527 997 1602 neque
1028 1527 1091 1576 nos
1125 1501 1204 1576 Tui.
1256 1503 1338 1578 Quo
1363 1525 1445 1599 erga
1473 1498 1522 1572 Tc
1546 1499 1663 1572 animo
1694 1494 1825 1585 simus,
1858 1520 1969 1596 nuper
1989 1507 2152 1598 expertus
2176 1523 2231 1588 es,

704 1655 782 1705 cum
818 1626 899 1701 Tibi
933 1621 1151 1722 necopinanti
1174 1628 1311 1695 nostrae
1336 1620 1453 1696 literae
1483 1619 1572 1693 bene
1596 1617 1728 1691 multae
1754 1625 1790 1688 et
1814 1615 1953 1691 chartae
1976 1617 2175 1716 epistolares
2197 1627 2233 1695 et

703 1747 995 1850 telegrapbemata
1027 1742 1301 1844 supervenirent.
1354 1741 1466 1816 Nobis
1502 1739 1594 1836 enim
1632 1761 1701 1812 non
1740 1735 1913 1810 excideret
1946 1736 2039 1812 illius
2065 1739 2133 1814 diei
2154 1761 2230 1814 me·

705 1869 832 1956 moria,
868 1889 938 1965 quo
972 1864 1027 1936 Tu
1058 1863 1147 1938 banc
1185 1861 1409 1936 Academiam
1448 1884 1572 1934 ornare
1605 1855 1757 1955 coepisti.
1816 1857 1915 1933 Grati
1948 1858 2231 1950 recordabamur,

700 1998 872 2089 quantum
907 2009 961 2058 res
996 1991 1132 2058 nostrae
1168 2005 1230 2080 per
1266 1981 1388 2081 viginti
1425 1981 1514 2056 duos
1551 2004 1659 2055 annos
1694 1979 1794 2053 aTe
1816 1979 1970 2078 ceperint
1995 1981 2231 2057 emolumenti.

702 2113 784 2189 Quo
813 2107 843 2180 si
873 2129 965 2180 nunc
1001 2089 1206 2176 suavissimo
1241 2101 1373 2200 collega
1405 2098 1506 2174 inviti
1531 2122 1706 2186 caremus,
1730 2124 1772 2172 eu
1795 2124 1858 2173 nos
1884 2101 2013 2175 solatur
2037 2126 2137 2201 spos,
2162 2102 2231 2178 lore

701 2238 741 2304 ut
780 2252 860 2303 mox
902 2223 1018 2299 codice
1054 2221 1123 2296 isto
1160 2219 1321 2318 poenali,
1360 2220 1526 2319 pristinae
1566 2216 1740 2292 servitutis
1777 2218 1975 2295 tristissimo
2004 2201 2230 2312 documento,

701 2345 888 2448 aliquando
908 2342 1043 2418 liberati
1065 2341 1151 2414 Tuis
1172 2339 1336 2441 auspiciis
1363 2365 1450 2414 nova
1473 2339 1550 2439 lege
1571 2340 1758 2428 donemur,
1783 2365 1891 2439 quae,
1918 2364 1988 2438 quo
2011 2343 2061 2416 Te
2086 2343 2232 2443 dignior,

701 2494 742 2543 eo
767 2466 897 2567 patriae
922 2463 987 2538 erit
1014 2462 1131 2537 utilior
1156 2462 1218 2554 ²⁰).
2145 2493 2147 2496 ’

753 2587 961 2662 Dulcissimo
996 2607 1076 2658 cum
1113 2580 1231 2656 amicis
1272 2581 1425 2655 lactandi
1461 2581 1572 2655 officio
1607 2578 1727 2655 multis
1762 2581 1831 2656 iam
1866 2580 2008 2658 functus
2039 2609 2137 2674 sum,
2170 2609 2232 2660 nec

699 2719 815 2784 tamen
848 2705 1059 2805 perfunctus.
1111 2701 1190 2774 Tibi
1233 2725 1395 2802 quoque,
1433 2701 1563 2800 optime
1598 2724 1711 2789 noer,
1749 2700 1872 2777 lubens
1901 2704 2072 2802 gratulor,
2105 2705 2162 2780 cui
2188 2729 2232 2780 ex

701 2827 839 2916 morbo,
874 2850 943 2925 quo
965 2824 1015 2898 Te
1042 2821 1178 2897 diutius
1206 2822 1431 2920 languentem
1460 2821 1553 2895 baud
1580 2821 1654 2895 sine
1677 2819 1785 2895 animi
1808 2821 2036 2898 sollicitudine
2059 2824 2230 2914 vidimus,

698 2951 747 3024 ile
784 2937 1018 3024 convalescere
1051 2941 1220 3041 contigit,
1261 2948 1298 3014 ut
1327 2965 1414 3013 uovo
1443 2966 1483 3013 ac
1511 2949 1691 3037 tamquam
1716 2937 1858 3013 iuvenili
1882 2940 2003 3015 ardore
2024 2941 2069 3016 ad
2093 2941 2231 3032 studia,

700 3069 734 3142 iu
757 3067 887 3166 quibus
908 3089 1048 3164 regnas,
1076 3062 1187 3138 redire
1207 3060 1371 3161 potueris.
1388 3105 1436 3116 —
1456 3058 1555 3148 Tibi,
1581 3058 1858 3134 aestimatissime
1874 3084 2031 3136 ernanus
2047 3085 2094 3136 nn
2110 3085 2231 3152 nasu,

701 3214 805 3286 quem
840 3184 953 3284 Regia
988 3182 1139 3257 Societas
1172 3180 1406 3270 Scicntiarum
1445 3178 1646 3254 Hefniensis
1684 3179 1870 3254 honorifico
1904 3183 1985 3256 socii
2023 3181 2230 3282 adscriptieii

701 3304 971 3382 tituloomavit.
996 3347 1048 3363 -
1070 3302 1149 3376 Tibi
1173 3301 1346 3401 denique,
1382 3299 1590 3374 amicissime
1622 3323 1834 3388 vrssneruu,
1861 3301 1942 3399 qui,
1967 3327 2049 3378 cum
2077 3303 2164 3404 legis
2188 3303 2229 3378 de

699 3428 843 3528 imperio
880 3423 1038 3500 conditae
1078 3422 1244 3498 memoria
1286 3446 1399 3520 nuper
1445 3421 1693 3508 celebraretur,
1738 3444 1797 3494 ore
1832 3420 1983 3498 fecundo
2022 3423 2229 3499 Academiae

700 3559 836 3623 nostrae
859 3533 986 3620 lamam
1010 3544 1059 3618 ita
1084 3543 1198 3616 tuitus
1219 3567 1274 3628 es,
1303 3551 1342 3614 ut
1366 3566 1486 3616 omnes
1509 3541 1762 3627 consentirent,
1788 3565 1928 3638 gravem
1952 3543 2044 3618 illam
2071 3542 2228 3644 publicae

699 3668 848 3745 laetitiae
885 3664 1120 3740 testificandae
1158 3663 1371 3763 provinciam
1409 3663 1539 3737 nemini
1579 3663 1703 3736 melius
1739 3661 1895 3736 mandari
1930 3665 2085 3764 potuisse
2125 3689 2227 3764 quam

700 3790 801 3877 Tibi,
826 3788 932 3888 digno
953 3808 1180 3892 ruonnucxrr
1202 3785 1238 3857 iu
1270 3783 1475 3883 professoria
1498 3807 1639 3858 munere
1667 3783 1865 3858 successori.

701 3994 703 3998 ,
749 3911 848 3983 Novo
878 3907 1016 3982 Rectori
1052 3931 1139 3980 nova
1170 3929 1250 3980 mox
1282 3904 1348 3978 erit
1371 3904 1573 4002 gratulandi
1596 3904 1738 3979 mensio.
1766 3901 1937 3984 ‚Veceuti
1960 3905 2053 3978 enim
2076 3905 2227 3980 chemise

700 4029 902 4117 cathedrae,
940 4050 1045 4124 quem
1072 4052 1092 4100 a
1116 4025 1170 4100 Ol.
1196 4046 1411 4112 conruens,
1448 4024 1637 4123 professore
1660 4021 1869 4122 Delphensi,
1894 4025 2108 4123 repudiatam
2133 4024 2228 4100 dole·

702 4175 798 4237 mus,
833 4147 927 4222 brevi
961 4154 1182 4246 prospectum
1214 4146 1255 4218 iri
1291 4144 1528 4220 confidimus..
1563 4145 1748 4219 Curatores
1776 4151 1918 4233 summ,
1943 4169 2014 4244 qua
2039 4157 2120 4220 suut
2142 4145 2227 4220 libo·

700 4270 854 4355 ralitate,
879 4267 979 4341 iustis
1001 4266 1187 4341 multorum
1207 4266 1296 4339 votis
1317 4265 1558 4363 indulgentes,
1586 4263 1693 4363 Regis
1711 4261 1873 4336 Ministro
1894 4275 2052 4340 auctores
2069 4265 2228 4358 luerunt,

572 4405 576 4414 '
706 4399 744 4463 ut
770 4387 923 4462 muueris
949 4387 1115 4462 latissime
1143 4385 1292 4485 patentis
1315 4387 1426 4460 officia
1452 4383 1590 4460 duobus
1613 4383 1812 4460 doctoribus
1833 4386 2075 4462 committeret
2127 4389 2229 4463 Unde

705 4509 798 4583 baud
833 4532 918 4582 vana
952 4532 1012 4606 spe
1047 4506 1210 4606 augurari
1246 4531 1346 4604 posse
1383 4506 1557 4593 videmur,
1594 4503 1809 4602 disciplinam
1835 4503 1949 4595 illam,
1973 4521 2094 4584 nostra
2116 4517 2228 4583 adele

704 4638 775 4703 tum
797 4629 885 4702 laele
906 4627 1085 4702 florentem
1113 4636 1278 4726 tantaque
1302 4626 1337 4701 in
1363 4650 1483 4702 omnes
1507 4625 1598 4699 vitae
1623 4633 1737 4722 parles
1764 4623 1911 4700 ulilitate
1933 4627 2229 4718 commendatam,

703 4750 739 4823 in
771 4749 834 4822 bac
865 4773 1003 4846 quoque
1035 4747 1225 4852 Academia
1251 4772 1331 4822 eum
1356 4746 1535 4845 dignitatis
1559 4744 1707 4845 gradum
1734 4767 1810 4820 essa
1833 4754 2098 4846 occupaturam,
2124 4771 2231 4848 quem

703 4869 776 4941 iure
801 4867 866 4941 sibi
890 4867 1042 4966 postulat
1065 4893 1126 4968 par
1149 4892 1315 4967 maguum
1340 4889 1543 4940 nonenuvrr
1568 4889 1705 4940 nornen.
2232 4891 2240 4898 ·
