4962 6178
597 685 601 691 -
719 636 914 705 saulus
947 633 1276 702 LEGTIONUM.
1719 633 1761 697 77

334 854 545 934 Methodum
575 848 782 950 procedendi
815 845 852 919 in
883 844 996 920 causis
1023 844 1279 931 criminalibus,
1308 842 1432 918 diebos
1455 839 1567 930 lovis,
1602 839 1688 915 hora
1712 840 1760 927 ll,

432 974 579 1050 Veneris
586 1014 1568 1060 ............................
1698 961 1762 1047 lll,
1911 978 1915 986 ·

625 1089 632 1104 '
676 1133 1568 1161 .........................
1704 1081 1762 1153 lX.

338 1095 851 1309 Hactbbilabelblopaediem
874 1213 910 1282 et
931 1204 1228 1306 Metbodolcgiam
1252 1204 1565 1304 lurisprudentiee,

387 1336 511 1412 diebus
532 1330 655 1406 Martis
681 1336 717 1403 et
739 1327 924 1416 Mercurii,
969 1382 978 1398 .
1019 1376 1568 1399 ................
1754 1379 1765 1410 ,
1884 1395 1889 1406 ,

436 1463 471 1531 et
495 1453 588 1528 Iovis
598 1495 1570 1541 ...........................
1710 1443 1766 1515 lll.

700 1644 948 1720 FAOULTAS
973 1641 1304 1718 THEOLOGIOA.

242 1825 329 1888 LE.
349 1820 560 1884 scHOLTllN
592 1809 798 1909 Theologiae
835 1808 998 1884 biblicam
1039 1808 1239 1908 praesertim
1266 1808 1312 1882 N.
1337 1807 1378 1882 T.
1404 1813 1572 1904 exponet,

292 1935 379 2010 duce
402 1931 618 2030 Compendio
645 1957 665 2006 a
692 1957 728 2006 se
752 1929 867 2019 edito,
901 1929 957 2004 die
982 1929 1124 2017 Lunee,
1161 1976 1572 2003 ............
1734 1923 1768 2010 l,

439 2053 495 2126 die
520 2051 645 2127 Martis
654 2095 1573 2140 ..........................
1702 2043 1769 2130 xl,

437 2170 493 2245 ne
529 2170 641 2259 lovis,
681 2218 838 2242 .....
858 2153 864 2168 ’
865 2217 1572 2246 ....................
1619 2165 1769 2237 xri-11.

343 2291 535 2366 Historiam
548 2289 802 2389 philosophiae,
816 2289 1016 2388 praesertim
1029 2291 1212 2388 autiquae,
1226 2289 1356 2378 tradet,
1371 2288 1428 2364 die
1440 2287 1574 2378 Martis,
1734 2286 1769 2376 l,

440 2419 476 2485 et
500 2409 645 2484 Veneris
654 2459 1576 2498 ..........................
1649 2407 1771 2478 Xl-l.

246 2545 284 2603 Δ.
304 2540 473 2602 KUENEN
508 2529 740 2604 Christianam
760 2528 901 2603 Morum
924 2528 1114 2603 doctrinam
1131 2537 1297 2626 exponet,
1323 2528 1379 2601 die
1394 2529 1573 2620 Mercurii,
1712 2527 1771 2614 lll,

442 2657 477 2725 et
502 2650 558 2724 die
582 2649 693 2735 loris,
733 2697 1578 2724 ........................
1618 2649 1772 2722 ll-Xll.

343 2770 536 2845 Historiam
554 2768 725 2872 ¹librorum
751 2767 794 2837 V.
819 2767 982 2840 Foederis
1007 2767 1204 2855 enarrabit,
1226 2768 1282 2841 die
1306 2769 1447 2856 Lunae,
1490 2830 1498 2845 .
1525 2827 1534 2844 .
1563 2830 1570 2844 .
1719 2771 1771 2858 x,

441 2897 476 2965 et
500 2888 558 2964 die
581 2886 768 2974 Mercurii,
805 2937 1578 2963 ......................
1748 2891 1777 2964 l,

230 3047 231 3052 ,
345 3009 520 3085 Historiae
551 3007 788 3083 Israeliterum
819 3005 931 3104 eapite
951 3007 1089 3080 'selecta
1116 3006 1294 3092 tractabit,
1329 2991 1385 3080 die
1412 3006 1575 3099 Veneris,
1732 3012 1773 3086 X.
1920 3099 1925 3110 ¹

344 3131 400 3204 De
419 3130 524 3204 rebus
543 3127 743 3226 theologicis
764 3151 844 3201 cum
871 3126 1139 3226 provectioribus
1159 3135 1260 3224 eget,
1284 3127 1365 3200 hora
1390 3128 1581 3226 vespertina

397 3257 517 3349 postea
539 3247 735 3323 indicanda.
1101 3297 1104 3306 ·

248 3380 321 3442 LI.
340 3379 456 3440 PRINS
490 3368 682 3468 Epistolam
715 3367 816 3442 Pauli
846 3368 890 3443 ad
924 3369 1100 3444 &manos
1133 3367 1428 3466 interpretabitur,
1455 3368 1579 3445 diebus

297 3489 482 3575 Mercurii,
508 3487 601 3562 Iovis
627 3497 662 3561 et
686 3486 830 3561 Veneris
841 3538 1580 3576 .....................

346 3607 554 3706 Theologiae
582 3606 756 3682 Praeticae
787 3615 920 3705 partem
954 3608 1215 3695 eateoheticam,
1251 3607 1514 3683 ecelesiasticam
1547 3622 1582 3685 et
1689 3681 1696 3700 ,

396 3726 602 3827 pastoralem
626 3726 957 3816 tractabit,·diebus
983 3728 1108 3801 Martis
1132 3737 1168 3801 et
1193 3729 1377 3818 Mercurii,
1428 3785 1581 3803 .....

347 3847 619 3922 Exercitationes
638 3847 828 3945 practices,
861 3856 932 3922 tam
954 3848 1202 3936 catechetieas,
1228 3875 1333 3947 quam
1349 3850 1581 3940 homileticas,

397 3967 658 4056 moderabitur,
684 3967 740 4041 die
762 3968 884 4043 Lunae
894 4015 1585 4058 .....................

449 4094 485 4162 et
506 4088 563 4162 die
584 4086 730 4162 Veneris
740 4137 1583 4175 ........................

351 4207 406 4281 De
435 4205 539 4282 rebus
571 4207 769 4307 argumenti
798 4207 1017 4306 potissimum
1044 4208 1184 4306 practici
1211 4233 1290 4282 cum
1316 4211 1585 4307 provectioribus

401 4334 500 4426 aget,
525 4326 608 4402 hora
634 4328 827 4428 vespertina
851 4335 971 4427 postea
995 4327 1190 4403 indicanda.

254 4455 290 4515 L
312 4453 350 4512 G.
369 4453 404 4514 Ε.
423 4437 705 4519 RAUWENHOFF
724 4447 897 4522 Ecclesiae
918 4447 1134 4522 Christianae
1156 4448 1317 4525 historiae
1337 4449 1428 4526 locos
1443 4453 1585 4527 selectos

304 4560 436 4650 tradet,
461 4562 586 4642 diebus
609 4567 751 4658 Lunae,
776 4567 901 4642 Martis
924 4576 961 4641 et
985 4568 1170 4658 Mercurii,
1204 4623 1213 4641 .
1249 4623 1585 4645 ..........
1708 4579 1780 4650 Xll.

352 4681 643 4784 Eocyclopediam
651 4695 687 4761 et
695 4687 991 4788 Methodologiam
1002 4688 1212 4788 Theologiee
1224 4691 1374 4780 docebit,
1388 4691 1444 4766 die
1453 4691 1586 4782 Lunae,
1717 4697 1779 4785 lll,

452 4813 488 4876 et
512 4807 656 4898 Martis,
704 4858 1588 4885 .........................
1740 4817 1782 4890 ΙΙ.
