4962 6178
672 585 716 653 la
849 513 856 537 ⁸
1264 586 1304 652 ll.
1340 584 1403 650 DE
1436 583 1602 654 VRIES

671 796 739 871 bus
766 792 902 869 vincula
930 792 1066 881 demat,
1091 790 1376 890 libertatemque,
1401 791 1581 890 antiquam
1604 789 1700 864 illam
1726 789 1935 866 Academiae
1961 799 2098 867 nostrae
2120 792 2195 868 lau·

672 917 773 1004 dem,
806 911 966 989 restituet
989 911 1160 1010 integram
1184 937 1224 986 ac
1251 911 1450 1011 perfactam.
1501 909 1571 986 Sed
1601 917 1682 984 utut
1705 919 1780 999 est,
1811 910 1984 986 feoeamur
2005 921 2142 1002 tamen,
2164 914 2196 988 si

671 1035 737 1110 hoo
768 1057 878 1109 unum
910 1031 1105 1130 exceperis,
1137 1032 1242 1107 etiam
1273 1056 1367 1106 nuno
1399 1030 1573 1108 studiosos
1605 1030 1823 1104 Necrlsndos
1852 1055 1928 1106 esse
1954 1032 2087 1131 optimo
2107 1034 2193 1110 iure.

671 1155 783 1230 Tanta
814 1153 908 1228 enim
943 1151 979 1226 in
1013 1151 1135 1226 ceteris
1164 1152 1327 1227 omnibus
1360 1151 1466 1228 rebus
1499 1160 1649 1227 utuntur
1671 1149 1849 1244 libertate,
1883 1159 2050 1251 quantem
2075 1161 2194 1251 optare

668 1275 803 1377 possint
822 1271 1020 1348 maximam.
1060 1273 1139 1347 Una
1159 1281 1276 1347 autem
1300 1298 1355 1348 res
1375 1282 1429 1347 est
1448 1272 1620 1372 imprimis
1635 1271 1888 1360 memorabilis,
1913 1272 2045 1373 patrias
2057 1281 2193 1350 nostrae

669 1395 806 1498 propria
823 1401 859 1469 et
878 1391 1079 1493 peculiaris,
1103 1393 1228 1468 exteris
1250 1393 1465 1493 exemplum,
1488 1417 1543 1466 me
1564 1391 1699 1480 iudica,
1719 1391 1912 1466 imitatione
1936 1393 2193 1493 dignissimum.

668 1514 789 1591 Nostri
824 1514 916 1588 enim
950 1512 1092 1587 iuvenes
1124 1537 1214 1602 non,
1251 1522 1293 1587 ut
1326 1512 1403 1588 aliis
1439 1537 1514 1586 mos
1540 1520 1614 1601 ast,
1640 1536 1703 1610 per
1725 1513 1881 1588 nationes
1910 1513 2049 1589 discreti
2072 1512 2193 1589 meunt

670 1659 784 1734 neque
817 1635 854 1708 in
887 1632 1045 1709 sodalitia
1074 1631 1258 1722 disiuncti,
1294 1634 1355 1707 sed
1384 1655 1504 1707 omues
1535 1656 1605 1706 uno
1628 1656 1768 1731 corpore
1792 1633 1976 1708 consociati
2001 1657 2100 1708 suern
2125 1633 2192 1708 sibi

673 1756 868 1830 seivitntem
903 1752 1157 1829 academicam'’
1194 1754 1357 1829 efficiunt.
1422 1755 1534 1827 Suum
1572 1751 1639 1826 sibi
1678 1751 1808 1826 babent
1848 1752 2047 1840 Rectorem,
2089 1776 2192 1828 suum

671 1877 861 1963 Senatum,
886 1897 969 1949 snos
992 1874 1235 1974 magistratus,
1268 1873 1423 1948 omnium
1448 1872 1620 1972 suffragiis
1643 1879 1800 1960 creatos3
1824 1871 1860 1945 in
1882 1871 2031 1946 comitiis
2054 1872 2126 1946 suis
2149 1872 2192 1948 de

668 1994 773 2069 rebus
803 1992 1047 2068 communibus
1088 1992 1297 2080 deccrnuut3
1330 2016 1410 2065 eum
1440 1991 1689 2090 professoribus
1713 2015 1775 2089 per
1796 1991 1928 2091 legatos
1950 1998 2012 2064 aut
2034 1992 2191 2090 epistola·

668 2138 747 2189 rum
775 2113 979 2188 commercio
1002 2120 1121 2211 agunt.
1173 2113 1263 2186 Tum
1291 2111 1386 2187 nulla
1410 2112 1487 2200 hic,
1512 2136 1602 2210 quae
1625 2111 1709 2186 abbi
1736 2111 1908 2200 locorum,
1933 2110 2110 2186 nobilibus
2132 2120 2193 2188 aut

669 2233 836 2308 divitibus
861 2231 1059 2332 privilegia3
1092 2230 1188 2305 nulla
1210 2231 1373 2329 cuiquam
1396 2231 1432 2305 in
1459 2233 1586 2306 vestitu
1606 2241 1668 2306 aut
1689 2240 1814 2306 ornatu
1836 2232 2006 2332 insignia3
2031 2233 2192 2307 omnibus

667 2354 761 2428 idem
784 2353 860 2440 ius,
884 2353 978 2426 idem
1001 2360 1134 2441 status,
1160 2351 1281 2424 eadem
1312 2351 1486 2441 eonditi03
1511 2352 1607 2428 nulla
1631 2352 1772 2426 omnino
1794 2352 1991 2442 distinctio,
2016 2352 2084 2428 nisi
2103 2376 2191 2450 quac

668 2483 731 2548 aut
764 2473 895 2573 ingenii
928 2479 990 2547 aut
1026 2471 1220 2546 studiorum
1254 2474 1464 2570 praestantia
1494 2482 1593 2573 parta
1607 2473 1677 2578 sit.
1727 2473 1857 2548 Nullus
1888 2475 2102 2573 arrogantiae
2131 2479 2191 2547 ant

670 2593 850 2692 superbiae
871 2593 985 2669 loeus:
1013 2592 1149 2666 virtutis
1169 2591 1284 2680 euim,
1308 2617 1377 2667 nou
1399 2593 1588 2682 natalium,
1615 2593 1778 2692 splendor
1799 2593 1899 2668 affert
1921 2595 2095 2669 honorem.
2136 2593 2189 2666 En

667 2714 817 2788 sincerae
847 2703 1095 2817 democritiaa,
1132 2712 1169 2785 in
1194 2736 1264 2809 qua
1287 2737 1407 2786 omnes
1432 2712 1502 2789 sint
1530 2710 1650 2800 liberi,
1686 2737 1803 2809 pares,
1831 2714 1969 2803 fratres,
1994 2737 2189 2813 expressam

667 2833 949 2930 verissimamque
975 2831 1143 2928 effigiem!
1192 2833 1264 2906 lam
1291 2854 1369 2906 vero
1392 2830 1530 2931 publice
1557 2831 1695 2907 dicendi
1719 2833 1960 2933 scribendique
1984 2859 2090 2933 quam
2113 2833 2188 2907 infi-

666 2954 740 3028 nita
774 2951 929 3026 licential
979 2950 1160 3049 Cogitate,
1198 2974 1287 3049 quae
1318 2953 1420 3026 certis
1456 2952 1643 3026 intervallis
1677 2953 1806 3042 edunt,
1845 2953 1954 3029 diaria
1988 2954 2188 3052 libellosque

667 3072 828 3160 annales,
860 3070 897 3143 in
931 3068 1061 3168 quibus
1094 3072 1138 3145 de
1165 3071 1261 3145 nulla
1294 3097 1362 3147 non
1394 3097 1431 3147 re
1463 3072 1634 3173 quidquid
1665 3073 1770 3148 velint
1792 3073 1968 3164 iudicant,
2003 3100 2067 3150 nec
2089 3074 2187 3150 nobis

667 3214 807 3291 quoque
842 3189 1091 3289 professoribus
1123 3205 1280 3290 pareunt.
1330 3194 1468 3268 Bonum
1502 3194 1616 3268 hercle
1649 3193 1780 3270 laetum
1815 3204 1850 3269 et
1886 3220 1988 3270 senae
2022 3194 2188 3271 libertatis

639 3311 855 3391 .indiciuml
902 3310 939 3384 Si
972 3309 1057 3409 quid
1086 3311 1122 3385 in
1155 3337 1219 3387 nos
1247 3313 1363 3388 minus
1397 3313 1506 3388 amice
1537 3323 1599 3389 aut
1627 3313 1781 3413 iniquius
1807 3314 1908 3390 etiam
1937 3317 2094 3404 iactatur,
2119 3339 2188 3390 uon

667 3431 820 3505 multum
844 3453 1119 3520 commovemur;
1144 3441 1181 3507 at
1202 3433 1390 3524 lnetamur,
1414 3433 1588 3509 iuventuti
1610 3443 1747 3510 nostrae
1769 3458 1845 3510 eam
1868 3460 1944 3510 esse
1963 3435 2186 3536 καρρησάιν,

668 3574 758 3648 quae
781 3549 879 3625 decet
901 3549 1072 3649 ingenuos
1095 3551 1264 3640 Batavos,
1299 3561 1338 3624 ut
1361 3576 1450 3650 quae
1475 3554 1626 3627 sentiant
1650 3563 1769 3653 aperte
1793 3554 1909 3654 eloqui
1932 3558 2101 3644 audeant,
2124 3577 2188 3629 nec

668 3669 862 3770 cuiuspiam
899 3671 1137 3746 auctoritatem
1172 3671 1209 3745 in
1245 3671 1315 3745 veri
1349 3672 1503 3771 rectique
1536 3674 1775 3750 aestimatione
1807 3674 2039 3751 reformident.
2099 3673 2188 3754 eris

669 3811 770 3876 vero,
804 3787 888 3864 haec
914 3789 1030 3864 omnia
1055 3789 1117 3888 qui
1140 3799 1296 3889 reputet,
1322 3814 1449 3890 negare
1471 3792 1617 3889 poterit,
1643 3794 1745 3870 hosce
1771 3794 2003 3870 adolescentes
2030 3795 2115 3895 ipsis
2135 3794 2187 3867 in·

671 3906 802 3980 stitutis
833 3906 1038 3982 academicis
1073 3909 1232 4009 vitaeque
1266 3911 1398 3984 ratione
1431 3913 1567 4010 egregie
1604 3915 1797 4014 praeparari
1831 3924 1872 3989 ut
1905 3915 2038 3991 animos
2067 3919 2188 4014 gerant

671 4050 748 4101 vere
780 4026 993 4116 Hollandos,
1027 4051 1137 4126 eoque
1168 4030 1245 4128 ipso
1273 4030 1517 4120 Academiam,
1554 4041 1592 4106 ut
1622 4033 1705 4110 olim
1734 4034 1822 4124 luit,
1854 4035 1903 4111 ite
1929 4057 2021 4110 nunc
2049 4055 2189 4132 quoque

671 4169 747 4220 esse
770 4145 938 4221 libertatis
962 4147 1201 4245 praesidium?

722 4265 887 4364 Sequitur
919 4273 960 4340 nt
989 4265 1102 4342 dicam
1137 4267 1181 4341 de
1211 4269 1357 4346 docendi
1382 4271 1564 4361 methodo,
1599 4297 1689 4370 quae
1710 4273 1747 4348 in
1770 4275 1958 4352 Academia
1978 4280 2096 4348 nostra
2118 4273 2187 4372 ple·

671 4407 821 4484 rumque
852 4385 921 4460 fuit
953 4386 1090 4461 usitata.
1142 4388 1253 4465 Cuius
1286 4414 1374 4489 quaa
1406 4390 1510 4466 fuerit
1543 4393 1690 4468 efficacia
1725 4395 1770 4470 ad
1794 4395 1952 4471 alendam
1975 4394 2187 4480 libertatem,

672 4505 800 4606 vulgus
828 4506 971 4581 fortasse
993 4528 1062 4579 non
1088 4508 1301 4606 assequitur,
1327 4510 1389 4584 sed
1409 4511 1519 4608 proba
1544 4519 1763 4612 perspectum
1788 4515 1917 4590 habent
1939 4514 2186 4615 prudentiores.

670 4627 805 4701 Notum
829 4633 883 4702 ast
904 4625 1046 4702 effatum
1068 4627 1192 4702 veteris
1212 4628 1425 4729 philosophi,
1454 4631 1622 4708 aliberum
1644 4658 1720 4708 ease
1743 4634 1938 4723 neminem,
1963 4633 2030 4708 nisi
2054 4631 2186 4731 sepien-

670 4745 779 4823 tem”.
842 4745 954 4832 Quod,
987 4746 1053 4821 atsi
1086 4745 1153 4822 alio
1184 4771 1289 4823 sensu
1326 4749 1408 4824 clim
1445 4761 1670 4852 usurpatum,
1707 4763 1822 4830 temen
1856 4753 1902 4828 ad
1934 4753 2023 4828 hanc
2050 4775 2187 4852 quoque

2456 913 2459 995 l
