4962 6178
601 726 604 733 ·
737 691 932 760 snmus
967 691 1296 761 ulteriorum.

197 904 202 914 “
352 902 478 979 Praxin
519 900 772 990 obstetricium,
813 907 890 976 tum
935 901 972 976 in
1012 901 1220 977 Nosocomio
1258 901 1474 991 academico,
1507 910 1585 978 tum

400 1025 437 1098 in
455 1023 654 1099 Policlinioo
673 1021 891 1111 obstetricio,
913 1022 1049 1122 quoties
1068 1046 1207 1098 necesse
1229 1022 1315 1111 erit,
1336 1022 1582 1099 moderabitur.

257 1161 294 1223 Δ.
315 1155 512 1219 HhYNsffls
545 1141 801 1243 Physiologism
845 1144 1027 1242 specialem
1076 1143 1233 1232 docebit,
1273 1142 1398 1220 diebus
1441 1143 1582 1234 Lunae,

307 1267 452 1358 Martis,
476 1263 662 1352 Mercurii,
689 1261 781 1337 Iovis
806 1271 842 1338 et
867 1261 1011 1338 Veneris
1021 1314 1582 1354 ................
1624 1264 1709 1341 bora
1734 1266 1778 1343 X.

340 1377 534 1463 'Exerciriis
545 1381 724 1483 practicis,
738 1383 983 1482 experimentis
998 1392 1034 1459 et
1047 1383 1329 1482 indagationibus
1342 1383 1586 1484 physiologicis
1634 1379 1642 1394 ’

401 1507 439 1579 in
463 1502 668 1580 laboratorio
693 1503 848 1601 quotidie
873 1504 1033 1603 praebuit.

350 1624 531 1700 Exercitiis
551 1623 710 1723 practicis
728 1623 764 1698 in
788 1623 1002 1724 microscopii
1016 1624 1264 1724 conpresserit,
1284 1623 1409 1699 diebus
1423 1623 1582 1700 Mercurii

399 1754 435 1820 et
457 1744 570 1833 Iovis,
621 1797 1584 1823 ...........................
1738 1747 1778 1823 Π.

254 1875 555 1942 LtBOOGAABD
578 1863 798 1939 Anatomiam
824 1863 1077 1964 pathologicam
1099 1862 1261 1952 docebit,
1288 1862 1345 1938 die
1368 1863 1513 1954 Martis,
1540 1921 1549 1939 .
1577 1924 1585 1940 .
1708 1866 1778 1957 XI,

448 1993 484 2060 et
508 1983 564 2057 die
590 1984 682 2059 Iovis
727 2038 1581 2062 ........................
1642 1985 1779 2066 ll—-lV,

353 2102 593 2202 Pathologiam
622 2105 819 2204 generalem
852 2103 1011 2194 docebit,
1045 2103 1170 2178 diebus
1197 2103 1338 2193 Lunae,
1362 2103 1529 2178 Mercurii
1552 2110 1588 2179 at

398 2223 543 2300 Veneris
552 2281 1472 2313 ..........................
1477 2221 1509 2299 ’.
1536 2278 1582 2301 ..
1724 2227 1780 2304 Xl.

352 2345 526 2446 Hygienis
551 2346 665 2442 capita
689 2346 813 2421 selecta
841 2345 973 2435 tradet,
999 2343 1057 2419 die
1079 2343 1173 2418 Iovis
1182 2399 1584 2432 ............
1717 2347 1782 2424 XI.

257 2479 294 2541 r.
312 2477 478 2538 unauna
505 2463 728 2538 Anatomism
757 2464 1032 2564 systematicem,
1066 2462 1343 2561 microscopiesm
1370 2469 1406 2538 et
1429 2469 1588 2564 topogra-

306 2584 443 2685 phicam
484 2583 639 2673 docebit,
681 2583 805 2659 diebus
841 2584 980 2674 Lunae,
1019 2581 1164 2672 Martis,
1202 2582 1387 2672 Mercurii,
1424 2584 1518 2660 Iovis
1554 2591 1590 2660 st

306 2702 469 2790 Veneris,
504 2759 513 2777 .
547 2756 1578 2782 .............................
1724 2705 1782 2784 lX.

352 2821 554 2897 Methodum
581 2821 721 2896 secanM
744 2821 932 2910 cadavera,
959 2820 1115 2920 quotidie
1141 2820 1285 2895 hiberno
1310 2828 1475 2922 tempore.

258 2953 300 3014 M.
321 2950 480 3012 POLANO
502 2940 723 3040 chirurgiam
736 2941 892 3029 docebit,
909 2931 1033 3016 diebus
1046 2940 1188 3030 Lunae,
1203 2941 1362 3015 Mercurii
1376 2949 1412 3016 et
1423 2941 1589 3033 Veneris,
1725 2946 1782 3022 lX.

353 3060 534 3135 Exercitiis
555 3061 687 3136 clinicis
708 3071 744 3136 et
764 3060 966 3162 policlinicis
988 3060 1137 3159 praeerit
1158 3059 1313 3158 quotidie
1325 3111 1590 3150 ........
1634 3064 1782 3142 xri—11.

356 3180 582 3278 Operationes
614 3181 825 3280 chirurgicus
852 3181 1122 3268 demonstrabit,
1150 3179 1274 3254 diebus
1297 3187 1332 3254 et
1355 3178 1447 3256 horis
1472 3188 1591 3280 postea

404 3298 608 3376 indicandis.

355 3419 558 3496 Medicinam
584 3420 758 3495 forensem
783 3421 937 3511 docebit,
964 3421 1087 3495 diebus
1105 3419 1247 3509 Martis,
1272 3419 1366 3494 loris
1380 3426 1417 3494 et
1432 3418 1588 3511 Saturni,
1727 3424 1783 3500 111.

260 3549 296 3614 1).
308 3549 447 3620 norun,
477 3541 569 3616 Pool.
586 3542 770 3632 extraord,
790 3541 1132 3641 Ophthalmologiam
1148 3540 1296 3628 docebit,
1311 3540 1436 3615 diebus
1449 3540 1587 3631 Lunae,

308 3658 466 3734 Mercurii
490 3669 526 3734 et
551 3661 714 3751 Veneria,
747 3710 1594 3736 ........................
1742 3664 1783 3740 ll.

355 3777 576 3854 Institutioni
599 3780 740 3856 clinicae
761 3791 797 3856 et
817 3781 1029 3881 policlinicae
1055 3780 1222 3879 praeerit,
1244 3779 1399 3879 quotidie
1408 3827 1591 3868 ......
1719 3782 1782 3859 lx.
1838 3771 1840 3780 ¹

356 3901 399 3973 In
433 3899 745 4001 ophthalmoscopii
783 3926 851 3977 usu
883 3901 1070 4000 discipulos
1096 3899 1286 3988 exercebit,
1320 3898 1493 3974 mensium
1516 3896 1588 3973 hie·

402 4020 546 4095 melium
570 4028 744 4120 tempore,
778 4021 925 4122 singulis
949 4022 1073 4096 diebus
1098 4021 1240 4107 Martis,
1266 4019 1349 4093 hora
1373 4018 1586 4118 vespertina,
1729 4023 1781 4099 Vl.

261 4157 299 4217 e.
326 4155 361 4215 D.
385 4155 420 4216 L.
446 4155 558 4216 Hult'r
600 4141 914 4218 Exercitationihus
944 4141 1074 4218 clinicis
1106 4141 1142 4214 in
1178 4140 1385 4218 Nouocomio
1417 4138 1584 4238 praetirit,

310 4259 434 4336 diebus
457 4260 597 4352 Lunae,
623 4262 768 4353 Martis,
795 4263 979 4352 Mercurii,
1007 4261 1099 4337 Iovis
1121 4268 1157 4335 et
1178 4257 1322 4334 Veneris
1331 4311 1587 4350 ........
1724 4263 1782 4337 Xl.

359 4379 677 4482 Pharmacologiam
698 4382 853 4472 docebit,
878 4383 1001 4458 diebus
1019 4381 1161 4471 Lunae,
1187 4379 1352 4455 Mercurii
1370 4387 1406 4454 et
1423 4378 1588 4471 Veneris,
1709 4384 1783 4462 Xll.
1899 4475 1901 4482 y

259 4517 289 4575 a.
310 4515 340 4574 8.
361 4512 609 4576 Rossrrsrnrrr
632 4502 944 4578 Exercitationibus
957 4502 1108 4592 clinicis,
1125 4502 1163 4575 in
1176 4501 1383 4576 Nosooomio
1395 4499 1584 4590 habendis,
1742 4483 1748 4496 ⁸

310 4620 463 4712 vacabit,
490 4621 615 4699 diebus
638 4623 781 4714 Lunae,
805 4622 971 4699 Mereun'i
995 4630 1031 4697 et
1055 4621 1199 4697 Veneris
1207 4671 1585 4710 ...........
1737 4625 1780 4696 X.

355 4741 482 4818 Praxin
522 4744 693 4820 medicam
727 4744 764 4818 in
794 4743 986 4843 policlinico
1021 4742 1271 4830 moderabitur,
1297 4741 1422 4816 diebus
1447 4740 1584 4832 Martis,

300 4949 305 4960 ¹
402 4863 495 4938 Iovis
520 4872 556 4938 et
581 4864 722 4941 Saturni
730 4916 1581 4955 ........................
1716 4862 1779 4935 Iu

1536 4979 1612 5055 10·
