4962 6178
722 575 766 643 28
1315 572 1355 638 ld.
1390 569 1453 636 DE
1488 567 1651 638 VRlES

723 783 903 871 solatium,
943 781 1037 879 qnod
1069 802 1138 853 non
1178 777 1291 852 omnis
1331 786 1489 852 mortuus
1526 787 1599 864 est,
1637 775 1816 874 multaque
1853 775 1930 850 eius
1966 801 2046 876 pars
2081 777 2144 852 diu
2179 779 2245 854 erit

724 913 898 1004 superstes
934 903 970 976 in
1003 907 1056 974 tot
1093 899 1345 986 monumentis,
1385 922 1476 996 quae
1510 896 1627 996 exegit
1656 921 1733 971 aare
1763 897 1979 996 perenniora,
2013 897 2120 996 inque
2148 907 2243 973 tanto

722 1025 845 1100 talium
880 1021 1125 1120 discipulorum
1160 1043 1327 1108 numero,
1361 1015 1481 1117 quales
1510 1040 1603 1091 nunc
1629 1015 1760 1115 pamiae
1783 1016 1954 1115 praesidio
1980 1027 2064 1092 sunt
2086 1026 2123 1092 et
2145 1043 2242 1096 orna·

721 1151 850 1220 mento.
910 1145 1070 1220 Quorum
1102 1140 1295 1240 complures
1325 1138 1362 1213 in
1389 1137 1482 1212 hisce
1512 1136 1721 1236 collegarum
1747 1135 1919 1210 subselliis
1944 1147 2141 1236 praesentas
2164 1165 2241 1216 eon·

720 1264 846 1364 spicio,
882 1261 1023 1362 palladii
1052 1260 1160 1335 nostri
1193 1260 1282 1333 fidos
1319 1259 1502 1348 custodes,
1538 1257 1718 1355 antiquam
1742 1256 1950 1332 Academiae
1975 1257 2180 1358 dignitatem
2205 1262 2241 1335 in

719 1392 896 1486 posterum
920 1383 1026 1457 etiam
1051 1380 1295 1455 vindicaturos.
1383 1421 1387 1428 ·

768 1503 987 1579 Adumbravi
1020 1501 1134 1588 vobis,
1172 1501 1271 1587 Aa,
1307 1499 1430 1600 primis
1460 1508 1552 1574 certa
1583 1497 1682 1573 lineis
1706 1497 1905 1597 designavi,
1931 1497 2017 1597 quid
2038 1500 2242 1598 professores

718 1626 907 1702 Leidenses
933 1623 978 1698 ad
1000 1621 1167 1697 tuendam
1194 1621 1387 1695 libertatem
1410 1619 1567 1694 docendo
1594 1617 1844 1718 scribendoque
1864 1617 2049 1696 affecerint.
2098 1621 2238 1698 Utinam

719 1771 764 1820 ne
797 1768 912 1819 rerum
950 1741 1098 1817 ubertati
1133 1741 1281 1815 nimium
1317 1739 1533 1839 derogaverit
1567 1763 1645 1813 mea
1673 1738 1717 1814 ad
1752 1739 1858 1813 finem
1885 1741 2098 1838 properantis
2121 1744 2238 1820 oratio.

720 1865 791 1939 Sed
816 1864 869 1937 vel
892 1888 933 1937 ex
958 1862 1002 1936 iis
1024 1886 1114 1960 quae
1137 1860 1239 1936 attuli
1261 1859 1429 1934 coniicere
1451 1859 1551 1950 licet,
1577 1867 1747 1957 quantum
1772 1859 1882 1935 bonae
1907 1859 2016 1960 frugis
2040 1861 2076 1935 in
2104 1886 2237 1938 omnem

720 1985 970 2059 humanitatem
992 2006 1053 2081 per
1072 1990 1243 2056 trecentos
1265 2005 1374 2054 annos
1394 1977 1639 2054 redundaverit
1661 2003 1704 2052 ex
1728 1979 1849 2054 talium
1873 1980 2019 2054 virorum
2041 1982 2235 2081 disciplina,

718 2103 755 2178 in
775 2113 827 2177 tot
849 2103 1082 2178 studiosorum
1109 2101 1274 2177 millibus.
1315 2101 1368 2175 Ex
1393 2101 1523 2198 quibus
1545 2099 1641 2175 nullo
1661 2123 1730 2174 non
1753 2108 1907 2198 tempore
1930 2101 2132 2200 prodierunt
2150 2105 2235 2180 cives

717 2223 1024 2324 praestantissimi,
1061 2222 1249 2297 clarissima
1281 2221 1413 2319 patriae
1449 2220 1602 2308 lumina,
1636 2244 1783 2319 quornm
1817 2245 1921 2320 opera
1951 2222 1987 2296 in
2016 2221 2233 2312 eeclesia‚in

717 2345 791 2418 loro
818 2354 853 2418 ct
880 2344 916 2417 in
947 2342 1063 2430 curia,
1093 2341 1287 2416 libertatem
1309 2340 1443 2416 fortiter
1468 2341 1634 2416 sustinuit
1659 2352 1695 2415 at
1718 2341 1937 2418 conservavit.
1989 2343 2064 2418 Nec
2091 2355 2233 2444 praeter·

716 2457 928 2540 mittendum
958 2505 1011 2521 -
1040 2461 1138 2536 nefas
1171 2462 1263 2536 enim
1297 2461 1425 2536 sit-
1455 2462 1562 2537 fuisse
1593 2464 1629 2538 in
1660 2462 1718 2536 illo
1746 2484 1890 2535 numero
1922 2461 2168 2538 illustrissimos
2194 2489 2232 2538 er

717 2586 823 2683 stirpe
856 2583 1044 2658 Nasssvica
1079 2583 1276 2682 Principes,
1316 2606 1465 2681 quorum
1504 2584 1687 2658 duodecim
1728 2583 1811 2658 haec
1850 2582 2038 2657 Academia
2073 2585 2233 2684 spectavit

713 2706 881 2780 alumnos.
931 2704 1062 2779 Eorum
1097 2717 1161 2778 uec
1194 2703 1336 2777 nomina
1369 2727 1432 2777 uec
1469 2704 1585 2778 studia
1618 2702 1914 2791 commemorab03
1947 2703 2091 2778 novistis
2118 2729 2232 2782 omncs

713 2851 802 2926 quse
833 2833 992 2900 accurate
1024 2833 1061 2898 ct
1095 2823 1262 2897 concinne
1298 2822 1469 2897 enanavit
1503 2846 1793 2898 aramancias.
1844 2821 1914 2896 Sed
1951 2822 1995 2897 de
2026 2824 2103 2924 ipsa
2139 2851 2175 2900 re
2204 2827 2233 2900 si

710 2953 879 3050 nerem,
915 2965 1039 3016 caussa
1070 2941 1146 3038 ipse
1181 2966 1278 3016 meae
1312 2941 1481 3020 deessem.
1532 2945 1631 3023 Quid
1664 2945 1785 3020 enim?
1832 2944 2047 3019 Putemusoe
2076 2945 2114 3018 in
2145 2946 2233 3020 hisce

710 3066 861 3161 optimae
895 3061 970 3160 spei
1000 3059 1276 3134 adolescentibus
1310 3059 1566 3138 iustitutionem
1608 3064 1839 3140 academicam
1874 3063 1962 3138 nihil
1994 3064 2142 3140 valuisse
2169 3065 2231 3139 aad

710 3181 857 3257 eximiae
889 3179 1016 3254 indolis
1050 3179 1221 3278 igniculos
1252 3183 1410 3280 exemplo
1442 3192 1477 3257 et
1513 3183 1669 3260 doctrina
1701 3184 1920 3260 suscitandos
1948 3184 2049 3276 ²⁴)l’'
2093 3185 2231 3260 Nihilne

708 3322 923 3376 maurimont
955 3306 1018 3374 aut
1047 3321 1285 3374 rmnnrcnrr
1309 3322 1502 3375 navarcnm
1525 3327 1568 3376 ex
1590 3303 1653 3378 hac
1677 3303 1857 3403 disciplina
1880 3303 2062 3402 profecisse
2084 3304 2130 3378 ad
2151 3330 2229 3403 pru·

708 3420 862 3496 dentiam
893 3418 1028 3494 civilem
1062 3419 1276 3516 virtutesque
1305 3417 1343 3492 in
1374 3443 1513 3495 summo
1544 3423 1675 3520 patriae
1705 3423 1902 3500 discrimina
1924 3427 2121 3523 spectatas?
2158 3429 2231 3500 Aut

708 3562 941 3617 cnrnrnnnnsr
962 3539 1043 3629 III,
1064 3538 1294 3614 immortalem
1314 3540 1481 3616 libertatis
1502 3542 1703 3640 Europaeos
1723 3544 1914 3632 vindicem,
1939 3568 1982 3618 ex
1996 3543 2056 3619 illo
2074 3571 2229 3621 nsecemu

704 3662 868 3740 leidensi
899 3661 976 3754 ’ὅγ’
1009 3659 1096 3733 nihil
1123 3659 1268 3734 traxisse
1303 3662 1397 3759 quod
1430 3662 1548 3737 iuveni
1582 3663 1739 3739 stimulos
1772 3663 1921 3739 adderet·
1937 3675 1978 3738 ut
2008 3674 2139 3740 mamm
2164 3667 2228 3742 sibi

704 3784 847 3888 gloriam
873 3781 1035 3881 pararet?
1081 3779 1151 3854 Sed
1177 3780 1264 3879 quid
1288 3780 1413 3880 plura?
1457 3783 1711 3873 Germanicus,
1737 3783 1896 3883 princeps
1918 3795 1954 3858 et
1975 3793 2095 3860 auctor
2117 3789 2227 3862 Arau-

704 3905 814 3978 siacae
842 3902 977 4002 gentis,
1011 3925 1080 4000 qua
1112 3901 1208 3975 nulla
1239 3925 1406 3998 umquam
1432 3903 1642 3977 constantior
1669 3902 1737 4007 fuit
1759 3902 1926 3979 libertatis
1950 3915 2067 3980 custos
2087 3932 2127 3983 ac
2149 3931 2224 4004 pro·

701 4021 915 4122 pugnatrix,¹
946 4020 1171 4096 Academiam
1213 4047 1234 4095 a
1270 4046 1307 4094 se
1347 4021 1523 4098 conditam
1559 4049 1634 4098 esse
1669 4024 1775 4099 voluit
1808 4024 1977 4099 libertatis
2003 4027 2224 4125 praesidium.

701 4142 908 4228 Academia,
947 4164 1016 4239 qua
1048 4140 1116 4214 luit
1152 4162 1358 4239 semperque
1397 4141 1463 4214 crit
1489 4166 1571 4240 erga
1607 4164 1841 4218 aerumnarum
1871 4142 2017 4242 pietate,
2052 4169 2135 4220 suae
2160 4145 2227 4221 sibi

701 4257 892 4334 nobilitatis
926 4258 1081 4347 conscia,
1117 4259 1154 4332 in
1195 4259 1343 4333 tutanda
1381 4259 1599 4336 montissima
1636 4286 1738 4337 causa
1777 4263 1928 4338 officium
1968 4265 2141 4363 praestitit
2178 4307 2226 4324 -

701 4376 970 4478 praestabitque:

750 4497 842 4575 Satis
883 4497 993 4572 multa
1031 4497 1104 4571 diri
1136 4497 1180 4571 de
1213 4497 1485 4597 professoribus:
1518 4501 1563 4575 ad
1601 4526 1659 4577 vos
1690 4503 1904 4578 redeundum
1941 4510 2011 4595 est,
2048 4502 2224 4578 lectissimi

699 4620 863 4711 iuvenes,
901 4616 946 4692 ad
984 4626 1113 4691 vestros
1154 4626 1285 4716 patres,
1322 4641 1425 4707 avos,
1463 4644 1625 4718 proavos,
1666 4632 1838 4722 quotquot
1876 4623 1980 4698 huius
2014 4624 2223 4698 Academiae

565 4831 571 4842 ⁵
699 4739 832 4817 alumni
855 4737 1006 4812 fuerunt.
1058 4735 1130 4809 Ubi
1155 4737 1246 4812 anim
1271 4736 1388 4834 agitur
1409 4739 1454 4812 de
1477 4739 1582 4817 Alma
1607 4743 1741 4834 Matre,
1766 4742 1934 4818 libertatis
1953 4745 2220 4834 conservatricc,
