<?xml version="1.0" encoding="UTF-8"?>
<!DOCTYPE html PUBLIC "-//W3C//DTD XHTML 1.0 Transitional//EN"
    "http://www.w3.org/TR/xhtml1/DTD/xhtml1-transitional.dtd">
<html xmlns="http://www.w3.org/1999/xhtml" xml:lang="en" lang="en">
 <head>
  <title>
</title>
<meta http-equiv="Content-Type" content="text/html;charset=utf-8" />
  <meta name='ocr-system' content='tesseract 3.04.00' />
  <meta name='ocr-capabilities' content='ocr_page ocr_carea ocr_par ocr_line ocrx_word'/>
</head>
<body>
  <div class='ocr_page' id='page_1' title='image "annalesacademic16unkngoog_0106.png"; bbox 0 0 4914 6196; ppageno 0'>
   <div class='ocr_carea' id='block_1_1' title="bbox 490 1474 1773 1650">
    <p class='ocr_par' dir='ltr' id='par_1_1' title="bbox 490 1474 1773 1650">
     <span class='ocr_line' id='line_1_1' title="bbox 490 1474 1773 1552; baseline 0.002 -14"><span class='ocrx_word' id='word_1_1' title='bbox 490 1474 723 1538; x_wconf 73' lang='lat' dir='ltr'><strong>acanum</strong></span> <span class='ocrx_word' id='word_1_2' title='bbox 759 1477 1175 1538; x_wconf 74' lang='lat' dir='ltr'><strong>RHENO·TRAOEUPINAE</strong></span> <span class='ocrx_word' id='word_1_3' title='bbox 1211 1477 1454 1551; x_wconf 64' lang='lat' dir='ltr'><strong>CURATORFS,</strong></span> <span class='ocrx_word' id='word_1_4' title='bbox 1494 1479 1773 1552; x_wconf 69' lang='lat' dir='ltr'><strong>PROFESSOBRS,</strong></span> 
     </span>
     <span class='ocr_line' id='line_1_2' title="bbox 529 1577 938 1650; baseline 0 -12"><span class='ocrx_word' id='word_1_5' title='bbox 529 1577 741 1650; x_wconf 66' lang='lat' dir='ltr'><strong>IAEUPORES,</strong></span> <span class='ocrx_word' id='word_1_6' title='bbox 762 1579 938 1638; x_wconf 77' lang='lat' dir='ltr'><strong>anunmlt</strong></span> 
     </span>
    </p>
   </div>
   <div class='ocr_carea' id='block_1_2' title="bbox 490 1701 1773 2150">
    <p class='ocr_par' dir='ltr' id='par_1_2' title="bbox 490 1701 1773 1888">
     <span class='ocr_line' id='line_1_3' title="bbox 490 1701 1773 1778; baseline 0.002 -16"><span class='ocrx_word' id='word_1_7' title='bbox 490 1701 648 1762; x_wconf 76' lang='lat' dir='ltr'><strong>aaaron</strong></span> <span class='ocrx_word' id='word_1_8' title='bbox 668 1701 1067 1778; x_wconf 76' lang='lat' dir='ltr'><strong>numrnmaaunronn</strong></span> <span class='ocrx_word' id='word_1_9' title='bbox 1086 1701 1304 1776; x_wconf 80' lang='lat' dir='ltr'><strong>coercens,</strong></span> <span class='ocrx_word' id='word_1_10' title='bbox 1325 1703 1539 1776; x_wconf 82' lang='lat' dir='ltr'><strong>cunnonna,</strong></span> <span class='ocrx_word' id='word_1_11' title='bbox 1557 1703 1773 1764; x_wconf 78' lang='lat' dir='ltr'><strong>nauroansr</strong></span> 
     </span>
     <span class='ocr_line' id='line_1_4' title="bbox 491 1825 1299 1888; baseline 0.002 -2"><span class='ocrx_word' id='word_1_12' title='bbox 491 1826 721 1887; x_wconf 81' lang='lat' dir='ltr'><strong>nncrcrorne</strong></span> <span class='ocrx_word' id='word_1_13' title='bbox 741 1827 925 1888; x_wconf 73' lang='lat' dir='ltr'><strong>annuunt</strong></span> <span class='ocrx_word' id='word_1_14' title='bbox 944 1826 994 1886; x_wconf 84' lang='lat' dir='ltr'><strong>nr</strong></span> <span class='ocrx_word' id='word_1_15' title='bbox 1014 1825 1299 1888; x_wconf 70' lang='lat' dir='ltr'><strong>mmarnn‘rnsr</strong></span> 
     </span>
    </p>

    <p class='ocr_par' dir='ltr' id='par_1_3' title="bbox 492 1949 1282 2027">
     <span class='ocr_line' id='line_1_5' title="bbox 492 1949 1282 2027; baseline -0.003 -17"><span class='ocrx_word' id='word_1_16' title='bbox 492 1949 773 2027; x_wconf 75' lang='lat' dir='ltr'><strong>cumacurrcnn</strong></span> <span class='ocrx_word' id='word_1_17' title='bbox 793 1949 956 2011; x_wconf 83' lang='lat' dir='ltr'><strong>onnmrs</strong></span> <span class='ocrx_word' id='word_1_18' title='bbox 975 1949 1025 2008; x_wconf 85' lang='lat' dir='ltr'><strong>nn</strong></span> <span class='ocrx_word' id='word_1_19' title='bbox 1045 1949 1135 2010; x_wconf 84' lang='lat' dir='ltr'><strong>noer</strong></span> <span class='ocrx_word' id='word_1_20' title='bbox 1155 1950 1282 2010; x_wconf 77' lang='lat' dir='ltr'><strong>orvnsr</strong></span> 
     </span>
    </p>

    <p class='ocr_par' dir='ltr' id='par_1_4' title="bbox 491 2072 1146 2150">
     <span class='ocr_line' id='line_1_6' title="bbox 491 2072 1146 2150; baseline 0.005 -18"><span class='ocrx_word' id='word_1_21' title='bbox 491 2072 715 2134; x_wconf 72' lang='lat' dir='ltr'><strong>acclinans</strong></span> <span class='ocrx_word' id='word_1_22' title='bbox 738 2074 1045 2136; x_wconf 77' lang='lat' dir='ltr'><strong>sencranrssrun</strong></span> <span class='ocrx_word' id='word_1_23' title='bbox 1144 2145 1146 2150; x_wconf 53' lang='grc'><strong>,</strong></span> 
     </span>
    </p>
   </div>
   <div class='ocr_carea' id='block_1_3' title="bbox 254 2450 1777 2908">
    <p class='ocr_par' dir='ltr' id='par_1_5' title="bbox 254 2450 1777 2908">
     <span class='ocr_line' id='line_1_7' title="bbox 303 2450 1775 2552; baseline 0.003 -27"><span class='ocrx_word' id='word_1_24' title='bbox 303 2450 407 2526; x_wconf 90' lang='lat' dir='ltr'><strong>Diem</strong></span> <span class='ocrx_word' id='word_1_25' title='bbox 431 2450 529 2527; x_wconf 81' lang='lat' dir='ltr'><strong>robis</strong></span> <span class='ocrx_word' id='word_1_26' title='bbox 551 2453 705 2552; x_wconf 79' lang='lat' dir='ltr'><strong>gratulor</strong></span> <span class='ocrx_word' id='word_1_27' title='bbox 725 2457 873 2530; x_wconf 87' lang='lat' dir='ltr'><strong>natalem</strong></span> <span class='ocrx_word' id='word_1_28' title='bbox 901 2456 1108 2532; x_wconf 83' lang='lat' dir='ltr'><strong>Academiae</strong></span> <span class='ocrx_word' id='word_1_29' title='bbox 1126 2456 1479 2532; x_wconf 75' lang='lat' dir='ltr'><strong>Rheno-Traiectinae</strong></span> <span class='ocrx_word' id='word_1_30' title='bbox 1498 2454 1775 2530; x_wconf 85' lang='lat' dir='ltr'><strong>ducentesimum</strong></span> 
     </span>
     <span class='ocr_line' id='line_1_8' title="bbox 257 2570 1777 2670; baseline 0.002 -25"><span class='ocrx_word' id='word_1_31' title='bbox 257 2570 471 2646; x_wconf 91' lang='lat' dir='ltr'><strong>tricesimum</strong></span> <span class='ocrx_word' id='word_1_32' title='bbox 499 2580 669 2649; x_wconf 86' lang='lat' dir='ltr'><strong>octavum.</strong></span> <span class='ocrx_word' id='word_1_33' title='bbox 721 2575 838 2651; x_wconf 84' lang='lat' dir='ltr'><strong>Quem</strong></span> <span class='ocrx_word' id='word_1_34' title='bbox 857 2572 985 2648; x_wconf 77' lang='lat' dir='ltr'><strong>festam</strong></span> <span class='ocrx_word' id='word_1_35' title='bbox 1012 2573 1104 2648; x_wconf 86' lang='lat' dir='ltr'><strong>diem</strong></span> <span class='ocrx_word' id='word_1_36' title='bbox 1126 2572 1333 2661; x_wconf 72' lang='lat' dir='ltr'><strong>celebranti,</strong></span> <span class='ocrx_word' id='word_1_37' title='bbox 1359 2573 1562 2670; x_wconf 80' lang='lat' dir='ltr'><strong>magistratu</strong></span> <span class='ocrx_word' id='word_1_38' title='bbox 1581 2573 1777 2648; x_wconf 87' lang='lat' dir='ltr'><strong>academico</strong></span> 
     </span>
     <span class='ocr_line' id='line_1_9' title="bbox 258 2689 1776 2794; baseline 0 -30"><span class='ocrx_word' id='word_1_39' title='bbox 258 2689 422 2766; x_wconf 77' lang='lat' dir='ltr'><strong>deoedere</strong></span> <span class='ocrx_word' id='word_1_40' title='bbox 454 2690 634 2789; x_wconf 76' lang='lat' dir='ltr'><strong>famesque</strong></span> <span class='ocrx_word' id='word_1_41' title='bbox 656 2692 865 2766; x_wconf 73' lang='lat' dir='ltr'><strong>Academiae</strong></span> <span class='ocrx_word' id='word_1_42' title='bbox 899 2694 1085 2768; x_wconf 75' lang='lat' dir='ltr'><strong>successori</strong></span> <span class='ocrx_word' id='word_1_43' title='bbox 1109 2692 1291 2792; x_wconf 81' lang='lat' dir='ltr'><strong>designato</strong></span> <span class='ocrx_word' id='word_1_44' title='bbox 1320 2691 1473 2794; x_wconf 88' lang='lat' dir='ltr'><strong>tradere,</strong></span> <span class='ocrx_word' id='word_1_45' title='bbox 1503 2689 1676 2766; x_wconf 82' lang='lat' dir='ltr'><strong>incumbit</strong></span> <span class='ocrx_word' id='word_1_46' title='bbox 1707 2691 1776 2764; x_wconf 84' lang='lat' dir='ltr'><strong>Re·</strong></span> 
     </span>
     <span class='ocr_line' id='line_1_10' title="bbox 254 2808 1777 2908; baseline 0 -24"><span class='ocrx_word' id='word_1_47' title='bbox 254 2808 340 2884; x_wconf 88' lang='lat' dir='ltr'><strong>otori</strong></span> <span class='ocrx_word' id='word_1_48' title='bbox 354 2808 563 2908; x_wconf 79' lang='lat' dir='ltr'><strong>Magnifioo,</strong></span> <span class='ocrx_word' id='word_1_49' title='bbox 585 2817 620 2883; x_wconf 92' lang='lat' dir='ltr'><strong>et</strong></span> <span class='ocrx_word' id='word_1_50' title='bbox 638 2809 721 2884; x_wconf 91' lang='lat' dir='ltr'><strong>anni</strong></span> <span class='ocrx_word' id='word_1_51' title='bbox 739 2810 847 2908; x_wconf 82' lang='lat' dir='ltr'><strong>elapei</strong></span> <span class='ocrx_word' id='word_1_52' title='bbox 860 2810 933 2885; x_wconf 80' lang='lat' dir='ltr'><strong>iata</strong></span> <span class='ocrx_word' id='word_1_53' title='bbox 950 2811 1145 2886; x_wconf 89' lang='lat' dir='ltr'><strong>academice</strong></span> <span class='ocrx_word' id='word_1_54' title='bbox 1160 2835 1307 2888; x_wconf 87' lang='lat' dir='ltr'><strong>narrare.</strong></span> <span class='ocrx_word' id='word_1_55' title='bbox 1340 2811 1426 2886; x_wconf 84' lang='lat' dir='ltr'><strong>Fate</strong></span> <span class='ocrx_word' id='word_1_56' title='bbox 1438 2817 1556 2884; x_wconf 88' lang='lat' dir='ltr'><strong>autem</strong></span> <span class='ocrx_word' id='word_1_57' title='bbox 1569 2809 1777 2884; x_wconf 83' lang='lat' dir='ltr'><strong>Academica</strong></span> 
     </span>
    </p>
   </div>
   <div class='ocr_carea' id='block_1_4' title="bbox 255 2928 1778 3985">
    <p class='ocr_par' dir='ltr' id='par_1_6' title="bbox 255 2928 1778 3985">
     <span class='ocr_line' id='line_1_11' title="bbox 255 2928 1778 3028; baseline -0.001 -24"><span class='ocrx_word' id='word_1_58' title='bbox 255 2933 451 3004; x_wconf 83' lang='lat' dir='ltr'><strong>narrantem</strong></span> <span class='ocrx_word' id='word_1_59' title='bbox 489 2949 647 3002; x_wconf 88' lang='lat' dir='ltr'><strong>sermone</strong></span> <span class='ocrx_word' id='word_1_60' title='bbox 680 2928 735 3002; x_wconf 88' lang='lat' dir='ltr'><strong>uti</strong></span> <span class='ocrx_word' id='word_1_61' title='bbox 768 2937 904 3027; x_wconf 85' lang='lat' dir='ltr'><strong>oportet</strong></span> <span class='ocrx_word' id='word_1_62' title='bbox 941 2930 1057 3006; x_wconf 90' lang='lat' dir='ltr'><strong>latino.</strong></span> <span class='ocrx_word' id='word_1_63' title='bbox 1109 2931 1310 3005; x_wconf 85' lang='lat' dir='ltr'><strong>Orationem</strong></span> <span class='ocrx_word' id='word_1_64' title='bbox 1350 2931 1380 3003; x_wconf 87' lang='lat' dir='ltr'><strong>ei</strong></span> <span class='ocrx_word' id='word_1_65' title='bbox 1414 2953 1520 3026; x_wconf 85' lang='lat' dir='ltr'><strong>qnam</strong></span> <span class='ocrx_word' id='word_1_66' title='bbox 1555 2928 1681 3003; x_wconf 80' lang='lat' dir='ltr'><strong>addere</strong></span> <span class='ocrx_word' id='word_1_67' title='bbox 1710 2929 1778 3028; x_wconf 84' lang='lat' dir='ltr'><strong>ipsi</strong></span> 
     </span>
     <span class='ocr_line' id='line_1_12' title="bbox 256 3046 1776 3149; baseline 0.001 -26"><span class='ocrx_word' id='word_1_68' title='bbox 256 3046 375 3136; x_wconf 88' lang='lat' dir='ltr'><strong>lubet,</strong></span> <span class='ocrx_word' id='word_1_69' title='bbox 399 3046 511 3146; x_wconf 86' lang='lat' dir='ltr'><strong>patrio</strong></span> <span class='ocrx_word' id='word_1_70' title='bbox 538 3069 694 3121; x_wconf 79' lang='lat' dir='ltr'><strong>sermone</strong></span> <span class='ocrx_word' id='word_1_71' title='bbox 716 3046 842 3122; x_wconf 88' lang='lat' dir='ltr'><strong>habere</strong></span> <span class='ocrx_word' id='word_1_72' title='bbox 868 3049 958 3126; x_wconf 88' lang='lat' dir='ltr'><strong>licet.</strong></span> <span class='ocrx_word' id='word_1_73' title='bbox 1008 3050 1059 3122; x_wconf 92' lang='lat' dir='ltr'><strong>Ut</strong></span> <span class='ocrx_word' id='word_1_74' title='bbox 1080 3048 1187 3148; x_wconf 82' lang='lat' dir='ltr'><strong>igitur</strong></span> <span class='ocrx_word' id='word_1_75' title='bbox 1208 3057 1244 3123; x_wconf 88' lang='lat' dir='ltr'><strong>ct</strong></span> <span class='ocrx_word' id='word_1_76' title='bbox 1266 3048 1335 3149; x_wconf 79' lang='lat' dir='ltr'><strong>legi</strong></span> <span class='ocrx_word' id='word_1_77' title='bbox 1357 3061 1392 3124; x_wconf 88' lang='lat' dir='ltr'><strong>et</strong></span> <span class='ocrx_word' id='word_1_78' title='bbox 1413 3049 1529 3124; x_wconf 87' lang='lat' dir='ltr'><strong>animo</strong></span> <span class='ocrx_word' id='word_1_79' title='bbox 1550 3049 1776 3138; x_wconf 74' lang='lat' dir='ltr'><strong>satisfaciam,</strong></span> 
     </span>
     <span class='ocr_line' id='line_1_13' title="bbox 256 3165 1776 3268; baseline 0.001 -28"><span class='ocrx_word' id='word_1_80' title='bbox 256 3167 306 3242; x_wconf 87' lang='lat' dir='ltr'><strong>ita</strong></span> <span class='ocrx_word' id='word_1_81' title='bbox 328 3189 402 3240; x_wconf 91' lang='lat' dir='ltr'><strong>rem</strong></span> <span class='ocrx_word' id='word_1_82' title='bbox 422 3189 524 3265; x_wconf 82' lang='lat' dir='ltr'><strong>egere</strong></span> <span class='ocrx_word' id='word_1_83' title='bbox 546 3165 631 3240; x_wconf 90' lang='lat' dir='ltr'><strong>mihi</strong></span> <span class='ocrx_word' id='word_1_84' title='bbox 652 3168 835 3266; x_wconf 74' lang='lat' dir='ltr'><strong>proposui,</strong></span> <span class='ocrx_word' id='word_1_85' title='bbox 861 3178 900 3243; x_wconf 89' lang='lat' dir='ltr'><strong>ut</strong></span> <span class='ocrx_word' id='word_1_86' title='bbox 918 3169 1068 3267; x_wconf 90' lang='lat' dir='ltr'><strong>primum</strong></span> <span class='ocrx_word' id='word_1_87' title='bbox 1091 3167 1280 3244; x_wconf 90' lang='lat' dir='ltr'><strong>orationem</strong></span> <span class='ocrx_word' id='word_1_88' title='bbox 1302 3169 1450 3244; x_wconf 87' lang='lat' dir='ltr'><strong>dicerem</strong></span> <span class='ocrx_word' id='word_1_89' title='bbox 1472 3168 1583 3268; x_wconf 89' lang='lat' dir='ltr'><strong>patrio</strong></span> <span class='ocrx_word' id='word_1_90' title='bbox 1600 3191 1776 3257; x_wconf 74' lang='lat' dir='ltr'><strong>sermone,</strong></span> 
     </span>
     <span class='ocr_line' id='line_1_14' title="bbox 258 3285 1777 3386; baseline 0 -24"><span class='ocrx_word' id='word_1_91' title='bbox 258 3287 384 3362; x_wconf 92' lang='lat' dir='ltr'><strong>deinde</strong></span> <span class='ocrx_word' id='word_1_92' title='bbox 410 3286 618 3362; x_wconf 85' lang='lat' dir='ltr'><strong>Academiae</strong></span> <span class='ocrx_word' id='word_1_93' title='bbox 644 3287 716 3364; x_wconf 81' lang='lat' dir='ltr'><strong>iata</strong></span> <span class='ocrx_word' id='word_1_94' title='bbox 735 3288 856 3386; x_wconf 80' lang='lat' dir='ltr'><strong>lingue</strong></span> <span class='ocrx_word' id='word_1_95' title='bbox 878 3310 1050 3364; x_wconf 80' lang='lat' dir='ltr'><strong>canerem</strong></span> <span class='ocrx_word' id='word_1_96' title='bbox 1072 3287 1198 3375; x_wconf 87' lang='lat' dir='ltr'><strong>latina;</strong></span> <span class='ocrx_word' id='word_1_97' title='bbox 1226 3285 1377 3384; x_wconf 88' lang='lat' dir='ltr'><strong>denique</strong></span> <span class='ocrx_word' id='word_1_98' title='bbox 1399 3311 1458 3373; x_wconf 88' lang='lat' dir='ltr'><strong>ea,</strong></span> <span class='ocrx_word' id='word_1_99' title='bbox 1490 3309 1580 3384; x_wconf 89' lang='lat' dir='ltr'><strong>qnae</strong></span> <span class='ocrx_word' id='word_1_100' title='bbox 1602 3293 1777 3384; x_wconf 75' lang='lat' dir='ltr'><strong>postremo</strong></span> 
     </span>
     <span class='ocr_line' id='line_1_15' title="bbox 260 3406 1778 3506; baseline -0.001 -24"><span class='ocrx_word' id='word_1_101' title='bbox 260 3406 347 3482; x_wconf 92' lang='lat' dir='ltr'><strong>mibi</strong></span> <span class='ocrx_word' id='word_1_102' title='bbox 376 3406 574 3506; x_wconf 81' lang='lat' dir='ltr'><strong>peragenda</strong></span> <span class='ocrx_word' id='word_1_103' title='bbox 598 3416 740 3484; x_wconf 90' lang='lat' dir='ltr'><strong>manent</strong></span> <span class='ocrx_word' id='word_1_104' title='bbox 764 3416 870 3506; x_wconf 88' lang='lat' dir='ltr'><strong>atquc</strong></span> <span class='ocrx_word' id='word_1_105' title='bbox 894 3416 1045 3496; x_wconf 85' lang='lat' dir='ltr'><strong>restant,</strong></span> <span class='ocrx_word' id='word_1_106' title='bbox 1069 3406 1261 3480; x_wconf 89' lang='lat' dir='ltr'><strong>identidem</strong></span> <span class='ocrx_word' id='word_1_107' title='bbox 1286 3407 1340 3480; x_wconf 86' lang='lat' dir='ltr'><strong>vel</strong></span> <span class='ocrx_word' id='word_1_108' title='bbox 1361 3407 1491 3505; x_wconf 82' lang='lat' dir='ltr'><strong>patrio,</strong></span> <span class='ocrx_word' id='word_1_109' title='bbox 1518 3406 1591 3495; x_wconf 80' lang='lat' dir='ltr'><strong>val,</strong></span> <span class='ocrx_word' id='word_1_110' title='bbox 1618 3413 1657 3480; x_wconf 91' lang='lat' dir='ltr'><strong>ut</strong></span> <span class='ocrx_word' id='word_1_111' title='bbox 1679 3430 1778 3505; x_wconf 90' lang='lat' dir='ltr'><strong>prae·</strong></span> 
     </span>
     <span class='ocr_line' id='line_1_16' title="bbox 258 3525 1777 3625; baseline -0.003 -23"><span class='ocrx_word' id='word_1_112' title='bbox 258 3527 406 3602; x_wconf 88' lang='lat' dir='ltr'><strong>mierum</strong></span> <span class='ocrx_word' id='word_1_113' title='bbox 438 3525 716 3604; x_wconf 87' lang='lat' dir='ltr'><strong>distributionem</strong></span> <span class='ocrx_word' id='word_1_114' title='bbox 749 3539 784 3602; x_wconf 92' lang='lat' dir='ltr'><strong>et</strong></span> <span class='ocrx_word' id='word_1_115' title='bbox 817 3527 896 3602; x_wconf 83' lang='lat' dir='ltr'><strong>novi</strong></span> <span class='ocrx_word' id='word_1_116' title='bbox 930 3526 1086 3602; x_wconf 84' lang='lat' dir='ltr'><strong>Rectorie</strong></span> <span class='ocrx_word' id='word_1_117' title='bbox 1112 3526 1434 3625; x_wconf 81' lang='lat' dir='ltr'><strong>proclamationem,</strong></span> <span class='ocrx_word' id='word_1_118' title='bbox 1466 3526 1573 3603; x_wconf 88' lang='lat' dir='ltr'><strong>latino</strong></span> <span class='ocrx_word' id='word_1_119' title='bbox 1600 3550 1777 3614; x_wconf 87' lang='lat' dir='ltr'><strong>sermone,</strong></span> 
     </span>
     <span class='ocr_line' id='line_1_17' title="bbox 257 3644 1778 3745; baseline 0 -25"><span class='ocrx_word' id='word_1_120' title='bbox 257 3668 321 3744; x_wconf 90' lang='lat' dir='ltr'><strong>pro</strong></span> <span class='ocrx_word' id='word_1_121' title='bbox 346 3644 398 3720; x_wconf 86' lang='lat' dir='ltr'><strong>rai</strong></span> <span class='ocrx_word' id='word_1_122' title='bbox 424 3653 548 3720; x_wconf 88' lang='lat' dir='ltr'><strong>natura</strong></span> <span class='ocrx_word' id='word_1_123' title='bbox 572 3655 634 3721; x_wconf 88' lang='lat' dir='ltr'><strong>aut</strong></span> <span class='ocrx_word' id='word_1_124' title='bbox 654 3647 734 3723; x_wconf 83' lang='lat' dir='ltr'><strong>festi</strong></span> <span class='ocrx_word' id='word_1_125' title='bbox 755 3647 826 3722; x_wconf 89' lang='lat' dir='ltr'><strong>diei</strong></span> <span class='ocrx_word' id='word_1_126' title='bbox 845 3645 1040 3734; x_wconf 89' lang='lat' dir='ltr'><strong>occasione,</strong></span> <span class='ocrx_word' id='word_1_127' title='bbox 1065 3654 1319 3745; x_wconf 83' lang='lat' dir='ltr'><strong>pertractarem.</strong></span> <span class='ocrx_word' id='word_1_128' title='bbox 1370 3646 1442 3720; x_wconf 92' lang='lat' dir='ltr'><strong>Vos</strong></span> <span class='ocrx_word' id='word_1_129' title='bbox 1464 3654 1604 3734; x_wconf 86' lang='lat' dir='ltr'><strong>antem,</strong></span> <span class='ocrx_word' id='word_1_130' title='bbox 1628 3645 1778 3720; x_wconf 86' lang='lat' dir='ltr'><strong>Audito·</strong></span> 
     </span>
     <span class='ocr_line' id='line_1_18' title="bbox 258 3762 1778 3865; baseline -0.001 -25"><span class='ocrx_word' id='word_1_131' title='bbox 258 3789 334 3853; x_wconf 84' lang='lat' dir='ltr'><strong>rea,</strong></span> <span class='ocrx_word' id='word_1_132' title='bbox 372 3789 435 3863; x_wconf 89' lang='lat' dir='ltr'><strong>pro</strong></span> <span class='ocrx_word' id='word_1_133' title='bbox 467 3764 635 3865; x_wconf 77' lang='lat' dir='ltr'><strong>ringulari</strong></span> <span class='ocrx_word' id='word_1_134' title='bbox 667 3775 780 3843; x_wconf 78' lang='lat' dir='ltr'><strong>vestra</strong></span> <span class='ocrx_word' id='word_1_135' title='bbox 816 3766 1053 3855; x_wconf 84' lang='lat' dir='ltr'><strong>humanitate,</strong></span> <span class='ocrx_word' id='word_1_136' title='bbox 1087 3765 1289 3858; x_wconf 85' lang='lat' dir='ltr'><strong>benevolae,</strong></span> <span class='ocrx_word' id='word_1_137' title='bbox 1327 3789 1472 3864; x_wconf 88' lang='lat' dir='ltr'><strong>qnaaeo,</strong></span> <span class='ocrx_word' id='word_1_138' title='bbox 1510 3762 1615 3838; x_wconf 86' lang='lat' dir='ltr'><strong>verba</strong></span> <span class='ocrx_word' id='word_1_139' title='bbox 1639 3763 1778 3839; x_wconf 83' lang='lat' dir='ltr'><strong>facienti</strong></span> 
     </span>
     <span class='ocr_line' id='line_1_19' title="bbox 259 3885 594 3985; baseline -0.006 -23"><span class='ocrx_word' id='word_1_140' title='bbox 259 3885 450 3985; x_wconf 77' lang='lat' dir='ltr'><strong>praebeatis</strong></span> <span class='ocrx_word' id='word_1_141' title='bbox 474 3887 594 3960; x_wconf 76' lang='lat' dir='ltr'><strong>curm!</strong></span> 
     </span>
    </p>
   </div>
   <div class='ocr_carea' id='block_1_5' title="bbox 883 4057 1155 4072">
    <p class='ocr_par' dir='ltr' id='par_1_7' title="bbox 883 4057 1155 4072">
     <span class='ocr_line' id='line_1_20' title="bbox 883 4057 1155 4072; baseline -0.007 -1"><span class='ocrx_word' id='word_1_142' title='bbox 883 4057 1155 4072; x_wconf 36' lang='grc' dir='ltr'><strong>ἢ</strong></span> 
     </span>
    </p>
   </div>
   <div class='ocr_carea' id='block_1_6' title="bbox 260 4239 1781 4916">
    <p class='ocr_par' dir='ltr' id='par_1_8' title="bbox 260 4239 1781 4916">
     <span class='ocr_line' id='line_1_21' title="bbox 310 4239 1778 4342; baseline -0.001 -24"><span class='ocrx_word' id='word_1_143' title='bbox 310 4243 365 4318; x_wconf 89' lang='lat' dir='ltr'><strong>Dc</strong></span> <span class='ocrx_word' id='word_1_144' title='bbox 395 4241 698 4342; x_wconf 83' lang='lat' dir='ltr'><strong>mceilijkbeid</strong></span> <span class='ocrx_word' id='word_1_145' title='bbox 724 4267 805 4319; x_wconf 84' lang='lat' dir='ltr'><strong>van</strong></span> <span class='ocrx_word' id='word_1_146' title='bbox 831 4241 905 4317; x_wconf 88' lang='lat' dir='ltr'><strong>het</strong></span> <span class='ocrx_word' id='word_1_147' title='bbox 927 4264 1144 4340; x_wconf 86' lang='lat' dir='ltr'><strong>cpaporen</strong></span> <span class='ocrx_word' id='word_1_148' title='bbox 1170 4240 1232 4315; x_wconf 90' lang='lat' dir='ltr'><strong>der</strong></span> <span class='ocrx_word' id='word_1_149' title='bbox 1257 4239 1458 4316; x_wconf 88' lang='lat' dir='ltr'><strong>historisobe</strong></span> <span class='ocrx_word' id='word_1_150' title='bbox 1484 4239 1674 4330; x_wconf 78' lang='lat' dir='ltr'><strong>naarbeid3</strong></span> <span class='ocrx_word' id='word_1_151' title='bbox 1708 4265 1778 4316; x_wconf 82' lang='lat' dir='ltr'><strong>was</strong></span> 
     </span>
     <span class='ocr_line' id='line_1_22' title="bbox 262 4358 1778 4462; baseline -0.001 -24"><span class='ocrx_word' id='word_1_152' title='bbox 262 4362 324 4438; x_wconf 87' lang='lat' dir='ltr'><strong>dat</strong></span> <span class='ocrx_word' id='word_1_153' title='bbox 355 4361 416 4439; x_wconf 90' lang='lat' dir='ltr'><strong>bet</strong></span> <span class='ocrx_word' id='word_1_154' title='bbox 447 4362 667 4462; x_wconf 71' lang='lat' dir='ltr'><strong>andenam,</strong></span> <span class='ocrx_word' id='word_1_155' title='bbox 703 4385 839 4460; x_wconf 77' lang='lat' dir='ltr'><strong>aaarop</strong></span> <span class='ocrx_word' id='word_1_156' title='bbox 869 4359 941 4435; x_wconf 88' lang='lat' dir='ltr'><strong>niet</strong></span> <span class='ocrx_word' id='word_1_157' title='bbox 960 4361 1044 4459; x_wconf 79' lang='lat' dir='ltr'><strong>lang</strong></span> <span class='ocrx_word' id='word_1_158' title='bbox 1068 4359 1213 4458; x_wconf 82' lang='lat' dir='ltr'><strong>geleden</strong></span> <span class='ocrx_word' id='word_1_159' title='bbox 1236 4384 1298 4434; x_wconf 92' lang='lat' dir='ltr'><strong>ean</strong></span> <span class='ocrx_word' id='word_1_160' title='bbox 1324 4358 1558 4460; x_wconf 80' lang='lat' dir='ltr'><strong>Hoogleercar</strong></span> <span class='ocrx_word' id='word_1_161' title='bbox 1577 4361 1613 4435; x_wconf 91' lang='lat' dir='ltr'><strong>in</strong></span> <span class='ocrx_word' id='word_1_162' title='bbox 1638 4361 1683 4436; x_wconf 87' lang='lat' dir='ltr'><strong>de</strong></span> <span class='ocrx_word' id='word_1_163' title='bbox 1709 4363 1778 4436; x_wconf 88' lang='lat' dir='ltr'><strong>Ge·</strong></span> 
     </span>
     <span class='ocr_line' id='line_1_23' title="bbox 264 4477 1780 4580; baseline 0 -24"><span class='ocrx_word' id='word_1_164' title='bbox 264 4479 457 4556; x_wconf 85' lang='lat' dir='ltr'><strong>schiedenie</strong></span> <span class='ocrx_word' id='word_1_165' title='bbox 478 4480 566 4580; x_wconf 87' lang='lat' dir='ltr'><strong>aijne</strong></span> <span class='ocrx_word' id='word_1_166' title='bbox 586 4479 750 4556; x_wconf 87' lang='lat' dir='ltr'><strong>bocrders</strong></span> <span class='ocrx_word' id='word_1_167' title='bbox 769 4479 843 4554; x_wconf 88' lang='lat' dir='ltr'><strong>bier</strong></span> <span class='ocrx_word' id='word_1_168' title='bbox 862 4477 980 4553; x_wconf 86' lang='lat' dir='ltr'><strong>banne</strong></span> <span class='ocrx_word' id='word_1_169' title='bbox 999 4477 1171 4552; x_wconf 85' lang='lat' dir='ltr'><strong>aendacbt</strong></span> <span class='ocrx_word' id='word_1_170' title='bbox 1188 4478 1277 4553; x_wconf 88' lang='lat' dir='ltr'><strong>deed</strong></span> <span class='ocrx_word' id='word_1_171' title='bbox 1299 4479 1473 4578; x_wconf 73' lang='lat' dir='ltr'><strong>vestigen,</strong></span> <span class='ocrx_word' id='word_1_172' title='bbox 1489 4479 1562 4556; x_wconf 89' lang='lat' dir='ltr'><strong>niet</strong></span> <span class='ocrx_word' id='word_1_173' title='bbox 1586 4481 1780 4579; x_wconf 82' lang='lat' dir='ltr'><strong>mispiaatst</strong></span> 
     </span>
     <span class='ocr_line' id='line_1_24' title="bbox 261 4596 1781 4700; baseline -0.001 -26"><span class='ocrx_word' id='word_1_174' title='bbox 261 4623 328 4676; x_wconf 85' lang='lat' dir='ltr'><strong>aon</strong></span> <span class='ocrx_word' id='word_1_175' title='bbox 361 4621 447 4674; x_wconf 88' lang='lat' dir='ltr'><strong>eene</strong></span> <span class='ocrx_word' id='word_1_176' title='bbox 479 4599 579 4675; x_wconf 84' lang='lat' dir='ltr'><strong>Rode</strong></span> <span class='ocrx_word' id='word_1_177' title='bbox 616 4598 707 4700; x_wconf 83' lang='lat' dir='ltr'><strong>aijn,</strong></span> <span class='ocrx_word' id='word_1_178' title='bbox 742 4598 799 4672; x_wconf 88' lang='lat' dir='ltr'><strong>die</strong></span> <span class='ocrx_word' id='word_1_179' title='bbox 831 4607 904 4674; x_wconf 89' lang='lat' dir='ltr'><strong>met</strong></span> <span class='ocrx_word' id='word_1_180' title='bbox 932 4596 992 4672; x_wconf 89' lang='lat' dir='ltr'><strong>bet</strong></span> <span class='ocrx_word' id='word_1_181' title='bbox 1024 4621 1091 4695; x_wconf 79' lang='lat' dir='ltr'><strong>cog</strong></span> <span class='ocrx_word' id='word_1_182' title='bbox 1115 4621 1160 4695; x_wconf 93' lang='lat' dir='ltr'><strong>op</strong></span> <span class='ocrx_word' id='word_1_183' title='bbox 1183 4597 1240 4670; x_wconf 88' lang='lat' dir='ltr'><strong>die</strong></span> <span class='ocrx_word' id='word_1_184' title='bbox 1264 4598 1497 4698; x_wconf 87' lang='lat' dir='ltr'><strong>mceilijkheid</strong></span> <span class='ocrx_word' id='word_1_185' title='bbox 1521 4599 1596 4675; x_wconf 80' lang='lat' dir='ltr'><strong>sich</strong></span> <span class='ocrx_word' id='word_1_186' title='bbox 1621 4609 1680 4674; x_wconf 82' lang='lat' dir='ltr'><strong>tan</strong></span> <span class='ocrx_word' id='word_1_187' title='bbox 1703 4599 1781 4674; x_wconf 90' lang='lat' dir='ltr'><strong>doel</strong></span> 
     </span>
     <span class='ocr_line' id='line_1_25' title="bbox 260 4715 1780 4819; baseline -0.002 -25"><span class='ocrx_word' id='word_1_188' title='bbox 260 4718 392 4808; x_wconf 77' lang='lat' dir='ltr'><strong>staldo,</strong></span> <span class='ocrx_word' id='word_1_189' title='bbox 417 4727 521 4819; x_wconf 76' lang='lat' dir='ltr'><strong>tegen</strong></span> <span class='ocrx_word' id='word_1_190' title='bbox 542 4715 888 4818; x_wconf 75' lang='lat' dir='ltr'><strong>vocabarigbeid</strong></span> <span class='ocrx_word' id='word_1_191' title='bbox 911 4716 955 4790; x_wconf 93' lang='lat' dir='ltr'><strong>in</strong></span> <span class='ocrx_word' id='word_1_192' title='bbox 979 4716 1052 4790; x_wconf 91' lang='lat' dir='ltr'><strong>bet</strong></span> <span class='ocrx_word' id='word_1_193' title='bbox 1077 4717 1306 4816; x_wconf 81' lang='lat' dir='ltr'><strong>gevonden</strong></span> <span class='ocrx_word' id='word_1_194' title='bbox 1330 4719 1490 4794; x_wconf 87' lang='lat' dir='ltr'><strong>acbten</strong></span> <span class='ocrx_word' id='word_1_195' title='bbox 1516 4743 1581 4794; x_wconf 85' lang='lat' dir='ltr'><strong>van</strong></span> <span class='ocrx_word' id='word_1_196' title='bbox 1608 4719 1653 4794; x_wconf 91' lang='lat' dir='ltr'><strong>de</strong></span> <span class='ocrx_word' id='word_1_197' title='bbox 1675 4719 1780 4792; x_wconf 88' lang='lat' dir='ltr'><strong>bisto-</strong></span> 
     </span>
     <span class='ocr_line' id='line_1_26' title="bbox 260 4834 1435 4916; baseline 0.002 -2"><span class='ocrx_word' id='word_1_198' title='bbox 260 4838 371 4914; x_wconf 87' lang='lat' dir='ltr'><strong>rische</strong></span> <span class='ocrx_word' id='word_1_199' title='bbox 395 4839 568 4916; x_wconf 75' lang='lat' dir='ltr'><strong>wauheid</strong></span> <span class='ocrx_word' id='word_1_200' title='bbox 593 4861 657 4915; x_wconf 89' lang='lat' dir='ltr'><strong>ean</strong></span> <span class='ocrx_word' id='word_1_201' title='bbox 681 4834 958 4914; x_wconf 73' lang='lat' dir='ltr'><strong>vamscbuwcnd</strong></span> <span class='ocrx_word' id='word_1_202' title='bbox 982 4835 1097 4910; x_wconf 83' lang='lat' dir='ltr'><strong>wocrd</strong></span> <span class='ocrx_word' id='word_1_203' title='bbox 1122 4843 1158 4910; x_wconf 92' lang='lat' dir='ltr'><strong>te</strong></span> <span class='ocrx_word' id='word_1_204' title='bbox 1182 4835 1271 4912; x_wconf 89' lang='lat' dir='ltr'><strong>doen</strong></span> <span class='ocrx_word' id='word_1_205' title='bbox 1297 4835 1435 4916; x_wconf 87' lang='lat' dir='ltr'><strong>hcoren.</strong></span> 
     </span>
    </p>
   </div>
   <div class='ocr_carea' id='block_1_7' title="bbox 0 0 2483 6196">
    <p class='ocr_par' dir='ltr' id='par_1_9' title="bbox 0 0 2483 6196">
     <span class='ocr_line' id='line_1_27' title="bbox 0 0 2483 6196; baseline 0 0"><span class='ocrx_word' id='word_1_206' title='bbox 0 0 2483 6196; x_wconf 95' lang='lat' dir='ltr'><strong> </strong></span> 
     </span>
    </p>
   </div>
  </div>
 </body>
</html>
