4962 6178
709 633 752 698 24
1300 634 1339 700 ld.
1375 634 1437 698 DE
1472 631 1639 700 vuius

708 837 872 914 tationem
912 837 1091 936 theologos
1118 839 1307 928 revocavit,
1343 864 1487 915 excusso
1523 837 1734 938 dogmaticas
1759 836 1844 936 ingo
1867 843 1905 911 et
1929 837 2100 914 confracta
2125 843 2229 918 tradi·

706 959 810 1032 tionis
843 957 1064 1046 auctoritate,
1101 983 1165 1033 nec
1192 960 1317 1033 metuit
1342 961 1379 1034 in
1407 960 1518 1035 lucem
1547 957 1697 1057 pmfarre
1720 981 1809 1055 quaa
1837 981 1915 1032 vera
1942 982 2020 1033 esse
2042 959 2227 1052 iudicaret,

707 1080 760 1153 vel
790 1077 818 1152 si
850 1077 894 1152 ab
926 1077 1087 1158 ecclesiae
1111 1079 1246 1177 placitis
1271 1091 1362 1155 esset
1386 1080 1647 1155 discedendum.
1699 1077 1802 1150 Unde
1829 1083 1903 1151 orte
1930 1076 2228 1158 vehementissima

705 1197 941 1285 contentione,
966 1196 1198 1272 clamantibus
1217 1199 1419 1274 adversariis
1444 1201 1531 1274 hanc
1555 1222 1634 1272 vero
1656 1221 1732 1270 esse
1758 1221 1918 1294 opravam
1940 1197 2058 1274 omnia
2079 1202 2228 1276 novandi

705 1317 909 1390 libidinem’'
950 1319 1017 1410 18),
1058 1317 1192 1391 fortiter
1229 1327 1345 1392 tamen
1386 1317 1622 1417 perseveravit.
1686 1316 1838 1391 Coconn
1876 1315 2007 1416 collega
2041 1341 2225 1396 nnrnsuos

704 1437 939 1536 philosophiae
973 1435 1215 1528 cottonianae,
1239 1463 1280 1512 ea
1306 1447 1418 1514 aetate
1440 1437 1683 1526 invalescenti,
1709 1436 1865 1524 favebat,
1890 1461 2000 1535 eoque
2021 1437 2089 1512 fuit
2109 1441 2225 1516 animo

704 1569 744 1631 ut
773 1557 958 1631 Curatores
985 1555 1130 1630 docendi
1153 1555 1345 1632 libertatem
1373 1558 1521 1634 vetando
1543 1557 1770 1655 infringentes
1795 1556 1932 1654 publice
1951 1581 2094 1657 arguere
2120 1561 2224 1636 susti·

702 1677 837 1765 nuerit3
874 1700 944 1775 quo
976 1675 1086 1764 lacto,
1121 1675 1190 1749 iam
1228 1699 1337 1774 paene
1371 1676 1631 1776 octogenarius,
1665 1672 1865 1772 professoris
1896 1674 1997 1749 titulo
2027 1686 2063 1752 et
2097 1678 2224 1755 honore

702 1805 829 1871 erutus
869 1804 922 1869 est
958 1796 1017 1885 ¹⁰).
1079 1797 1255 1894 Apparet,
1284 1797 1407 1885 oredo,
1434 1785 1603 1894 theologis
1632 1794 1777 1882 nostris,
1809 1793 1868 1868 illa
1897 1794 2002 1870 etiam
2027 1805 2221 1896 temporum

701 1917 903 2015 iniquitate,
927 1917 962 1989 in
989 1915 1119 1989 tuenda
1145 1916 1278 2013 optima
1305 1941 1409 1991 cause
1431 1941 1493 1990 neo
1520 1915 1672 1989 defuisse
1693 1914 1872 1988 audaciam
1897 1939 1961 1988 neo
1983 1917 2220 1993 constantiam.

701 2039 859 2117 Quorum
892 2061 995 2134 opera
1029 2037 1059 2109 si
1090 2046 1232 2112 cautum
1264 2061 1339 2112 esse
1371 2037 1511 2124 dixero,
1536 2033 1580 2110 ne'
1601 2034 1786 2109 immodica
1810 2034 2008 2110 olaricomm
2034 2036 2221 2112 dominatio

698 2157 809 2258 ipsam
844 2157 1069 2231 humanitatis
1106 2156 1218 2231 lucem
1254 2157 1506 2256 exstingueret,
1542 2180 1610 2230 non
1650 2173 1765 2228 eaeor
1803 2177 1848 2228 ne
1883 2155 2029 2229 nimium
2065 2156 2219 2232 dixerim.

699 2277 831 2351 Eadem
865 2283 982 2350 autem
1019 2276 1072 2350 via
1096 2278 1267 2377 progressi
1293 2287 1375 2351 sunt
1401 2277 1480 2365 alii,
1513 2299 1656 2350 ooccnn
1680 2273 1851 2373 imprimis
1874 2273 2070 2373 exemplum
2100 2276 2218 2352 secuti.

699 2399 741 2471 ln
775 2396 903 2496 quibus
940 2395 1139 2495 primarium
1177 2398 1290 2472 locum
1329 2396 1462 2472 obtinet
1494 2419 1608 2470 nean·
1632 2416 1805 2481 w1rs1us,
1841 2394 1892 2466 vir
1916 2393 2038 2468 iudicii
2061 2397 2218 2470 acumine

697 2526 734 2590 et
759 2515 891 2615 ingenii
918 2515 1121 2616 liberalitate
1143 2540 1211 2589 non
1240 2516 1357 2590 minus
1382 2540 1485 2614 quam
1513 2514 1706 2588 eruditione
1729 2511 1982 2588 celeberrimus.
2034 2515 2120 2590 Mox
2144 2516 2217 2592 lite·

602 2651 609 2662 “
697 2662 811 2711 rarum
836 2639 1044 2710 Graecarum
1068 2645 1103 2709 et
1127 2635 1356 2710 Orientalium
1383 2635 1518 2724 studia,
1542 2633 1659 2708 critice
1685 2631 1815 2706 ratione
1837 2632 2033 2708 felicissime
2062 2636 2216 2726 exculta,

696 2767 731 2831 et
761 2756 853 2830 Novi
881 2763 916 2829 et
943 2753 1079 2828 Veteris
1113 2755 1275 2829 Foederis
1309 2754 1585 2854 interpretationi
1605 2761 1733 2828 rectam
1758 2751 1847 2826 viem
1870 2762 2124 2846 monstrarunt,
2149 2780 2217 2854 que

695 2885 812 2975 aperta
838 2875 912 2948 fieri
933 2897 1001 2946 non
1023 2881 1157 2971 poterat
1181 2873 1264 2970 quin
1288 2881 1365 2946 tota
1393 2871 1573 2980 disciplina
1599 2870 1789 2968 theologica
1814 2872 1941 2948 sensim
1964 2873 2214 2951 reformaretur.

695 2996 834 3068 Novum
864 2993 957 3066 huno
983 3015 1095 3064 rerum
1120 2991 1276 3066 ordinem
1303 2990 1477 3066 inchoavit
1502 2991 1552 3065 vir
1577 2989 1727 3065 eximius
1752 3014 1974 3081 nuenarius,
2009 3017 2216 3070 aonnnrrurr

694 3112 888 3199 familiaris,
914 3135 993 3184 oum
1022 3110 1167 3184 docendi
1194 3135 1323 3186 munus
1345 3111 1580 3210 auspicaretur
1604 3109 1723 3185 habita
1744 3112 1897 3186 oratione
1924 3113 1989 3188 nde
2010 3114 2214 3214 Theologiae

694 3242 730 3309 et
767 3231 911 3305 Oritiees
942 3231 1151 3305 connubio.”
1202 3232 1424 3307 Persecerunt
1460 3232 1538 3322 alii,
1574 3240 1746 3331 quotquot
1778 3240 1886 3306 artem
1924 3233 2213 3310 hermeneuticam

695 3375 757 3426 sua
784 3351 860 3424 luce
890 3348 1152 3436 collustrarunt,
1193 3373 1496 3442 nnusrnnnosro,
1535 3329 2094 3444 auennnu10,'vsnorrnnsaio,
2131 3379 2212 3430 oum

695 3493 1021 3548 sononrnnsronon
1056 3468 1274 3544 triumviratu
1304 3470 1413 3544 lacem
1445 3469 1727 3568 praeferentibus.
1777 3473 1808 3546 A
1837 3497 1907 3571 quo
1934 3473 2016 3548 inde
2039 3482 2210 3573 tempora,

692 3599 826 3668 mutata
862 3590 984 3664 turbis
1009 3589 1172 3664 civilibus
1209 3590 1340 3688 patriae
1375 3589 1591 3679 conditione,
1625 3590 1810 3667 imminuta
1844 3593 2010 3691 paulatim
2050 3593 2210 3668 ecclesiae

691 3720 880 3814 potestate,
916 3719 952 3783 et
986 3710 1156 3785 libertatis
1187 3710 1395 3784 conscientie
1421 3711 1533 3808 magis
1564 3711 1745 3809 magisque
1772 3737 1833 3810 per
1857 3737 1979 3787 omnes
2003 3713 2210 3813 reipublicae

690 3849 805 3935 partes
840 3839 1022 3918 manante,
1061 3830 1233 3930 theologie
1272 3831 1377 3904 etiam
1417 3830 1563 3905 vinculis
1600 3829 1736 3907 liberari
1770 3841 1891 3931 coepta
1923 3841 1997 3923 est,
2035 3835 2209 3933 oravitque

692 3951 890 4028 doctoribus
925 3951 1062 4024 animus
1099 3959 1139 4024 ut
1171 3952 1216 4026 de
1249 3950 1345 4025 nulla
1377 3973 1445 4024 non
1483 3949 1685 4048 quaestione
1717 3951 1823 4025 libere
1852 3948 2064 4042 iudicarent;
2100 3953 2207 4028 donec

691 4073 831 4149 audem
867 4080 944 4172 post
977 4071 1165 4145 multorum
1202 4070 1334 4145 labores
1370 4071 1415 4145 ad
1446 4069 1534 4145 hanc
1557 4078 1709 4145 nostram
1733 4079 1880 4146 aetatem
1906 4081 2109 4171 perventum
2133 4081 2206 4163 est,

689 4195 725 4269 in
758 4217 843 4291 qua,
877 4185 1109 4265 crescentibus
1141 4190 1177 4264 in
1208 4191 1282 4265 dies
1315 4190 1540 4265 humanitatis
1565 4189 1712 4278 studiis,
1737 4215 1809 4276 ,sua
1834 4191 1901 4265 arti
1926 4191 2062 4267 criticae
2088 4202 2206 4269 aucto·

690 4313 773 4388 ritas
794 4311 842 4384 ita
864 4319 917 4383 est
937 4310 1138 4384 confirmata
1163 4318 1198 4383 et
1220 4310 1394 4397 stabilita,
1419 4319 1458 4384 ut
1481 4308 1517 4382 in
1537 4309 1633 4384 nulla
1649 4309 1718 4383 iam
1744 4309 1925 4408 disciplina
1945 4311 2120 4387 contemni
2143 4323 2206 4388 aut

688 4431 818 4532 negligi
838 4429 958 4528 possit.
996 4429 1074 4504 Hac
1094 4429 1202 4528 igitur
1219 4429 1326 4518 duce,
1352 4430 1416 4505 hac
1436 4429 1595 4528 auspice,
1615 4453 1712 4504 suam
1734 4429 1801 4503 sibi
1821 4429 2014 4506 libertatem
2033 4431 2205 4531 theologia

688 4551 835 4630 asseruit
868 4550 1059 4648 integram,
1092 4573 1161 4624 non
1191 4550 1339 4648 emplius
1373 4548 1534 4624 acclesiae
1559 4547 1774 4648 mancipata,
1800 4550 1858 4624 sed
1883 4574 1946 4624 suo
1967 4550 2043 4626 iure
2070 4551 2205 4628 rentati

686 4670 903 4772 indagandae
935 4653 976 4744 ae
1006 4671 1246 4768 propagandae
1281 4671 1381 4745 unice
1413 4671 1558 4747 intenta.
1610 4673 1711 4752 Quae
1743 4693 1798 4745 res
1834 4693 1941 4768 quam
1973 4670 2019 4744 sit
2050 4671 2203 4748 humano

685 4791 802 4894 generi
833 4790 1005 4880 benefica,
1037 4814 1140 4866 nemo
1173 4800 1226 4866 est
1254 4791 1455 4890 prudentior
1481 4791 1542 4890 qui
1573 4815 1641 4866 non
1665 4789 1846 4890 intelligat.
1893 4792 2034 4865 Norunt
2059 4815 2201 4881 omnes,
