4962 6178
885 689 1162 758 ORATIO.
1747 691 1788 754 21

266 903 383 972 nostra
413 903 547 984 aetate,
580 897 617 970 in
650 896 713 972 hac
740 896 965 972 humanitatis
989 898 1085 986 lnce,
1112 897 1225 972 sanior
1248 895 1426 995 persuasio
1453 893 1620 993 theologis
1644 896 1788 984 nostris,

264 1017 301 1090 in
335 1015 399 1090 hac
434 1016 575 1115 quidem
610 1015 817 1106 Academia,
851 1015 899 1091 ita
930 1017 1037 1092 infixa
1062 1015 1198 1104 haeret,
1225 1025 1263 1090 ιιι
1287 1017 1389 1114 plane
1412 1014 1604 1090 absurdum
1633 1014 1703 1090 iam
1729 1015 1787 1089 ha·

265 1135 391 1224 beant,
427 1136 500 1210 suis
531 1136 567 1210 in
602 1135 727 1209 studiis
762 1135 863 1210 aliam
899 1139 1067 1211 rationem
1104 1135 1202 1234 sequi
1225 1135 1330 1226 velle,
1362 1160 1468 1234 quam
1496 1161 1585 1234 quae
1608 1136 1644 1210 iu
1668 1135 1789 1211 ceteris

266 1255 430 1330 omnibns
455 1280 520 1329 usn
540 1255 607 1328 lnit
629 1254 860 1352 comprobata.
911 1257 987 1331 Neo
1009 1257 1078 1332 scio
1102 1281 1145 1331 an
1169 1281 1341 1354 nusquam
1364 1248 1434 1330 alia
1454 1256 1568 1330 schola
1590 1256 1789 1354 reperiatur,

267 1400 310 1449 ex
347 1400 416 1474 qna
452 1381 503 1448 tot
535 1373 724 1472 prodierint
756 1374 910 1475 theologi
942 1377 1112 1451 libertatis
1135 1400 1250 1451 amore
1270 1377 1455 1475 flagrantes
1473 1377 1617 1475 eiusque
1641 1401 1734 1450 nunc
1753 1376 1789 1449 in

268 1494 337 1569 vita
362 1503 396 1568 et
420 1492 563 1567 ecclesia
590 1493 752 1568 vindices.

315 1612 414 1690 Quid
449 1636 527 1686 vero
564 1613 677 1688 dicam
714 1613 757 1687 de
792 1614 906 1705 lctis,
942 1641 1091 1715 quornm
1126 1617 1326 1716 disciplina,
1362 1641 1443 1690 cum
1476 1625 1547 1690 tota
1575 1615 1611 1688 in
1645 1616 1719 1688 iure
1751 1639 1791 1689 ac

266 1732 398 1807 iustitia
424 1743 597 1821 versetur,
621 1740 759 1806 tantum
786 1733 885 1809 abest
909 1744 948 1809 ιιι
973 1736 1124 1811 libertati
1146 1736 1338 1812 adversaria
1363 1760 1438 1808 esse
1463 1735 1589 1833 possit,
1618 1743 1656 1807 nt
1675 1735 1790 1831 potins
1815 1759 1818 1765 ·

264 1853 402 1952 propria
431 1852 507 1926 eius
537 1860 654 1926 custos
676 1863 711 1927 et
735 1855 964 1929 conservatrix
988 1856 1033 1928 sit
1056 1856 1225 1930 habenda.
1277 1855 1320 1927 In
1344 1854 1453 1931 libera
1473 1861 1589 1926 antem
1615 1850 1791 1950 republica

264 1972 339 2046 fleri
374 1973 431 2046 vix
467 1973 602 2070 potuit,
640 1969 724 2070 quin
758 1997 900 2048 munere
932 1999 995 2050 suo
1028 1975 1327 2073 defungeretur,
1366 1983 1402 2046 ut
1430 1972 1619 2070 plurimum
1646 1971 1727 2045 inde
1753 1971 1789 2044 in
1851 2055 1854 2062 ‚

264 2092 377 2190 ipsam
416 2092 590 2167 civitatem
630 2092 839 2167 redundaret
874 2095 1111 2168 emolumenti.
1168 2094 1265 2166 Huic
1297 2093 1406 2192 igitur
1438 2092 1614 2191 proposito
1646 2091 1792 2165 docendi

270 2211 456 2288 methodus
487 2211 581 2310 apud
613 2221 747 2286 nostros
768 2212 852 2287 iuris
875 2213 1047 2288 antistites
1072 2237 1206 2311 semper
1227 2212 1295 2285 luit
1319 2211 1586 2287 accommodata.
1636 2211 1791 2285 Praecla·

272 2355 346 2409 ram
385 2332 477 2406 enim
513 2355 616 2405 cunsr
650 2331 806 2430 regulam
835 2335 964 2422 secuti,
993 2334 1100 2408 uscire
1126 2334 1219 2432 leges
1245 2357 1314 2406 non
1337 2333 1400 2408 hoc
1426 2356 1521 2420 esse,
1547 2331 1649 2405 verba
1673 2355 1791 2405 eurum

275 2459 410 2538 tenere,
444 2451 504 2524 sed
536 2452 602 2524 vim
631 2468 676 2524 ac
697 2460 901 2549 potestatem
911 2454 947 2541 ,'’
973 2455 1070 2527 etin
1097 2453 1181 2527 iuris
1204 2453 1354 2527 Romani
1379 2447 1677 2550 interpretatione,
1703 2474 1791 2548 quae

275 2593 403 2669 magna
431 2569 498 2645 luit
531 2570 759 2645 institutionis
786 2596 883 2669 pars,
917 2581 952 2645 et
982 2572 1017 2645 in
1048 2573 1170 2646 ceteris
1192 2572 1296 2649 rebus
1318 2572 1363 2647 ad
1386 2571 1692 2670 iurisprudentiam
1716 2593 1792 2669 per-

273 2689 486 2776 tinentibus,
520 2689 615 2762 omni
646 2715 749 2788 opera
776 2690 863 2765 enisi
889 2699 971 2766 sunt
998 2701 1037 2767 ιιι
1057 2718 1100 2766 ex
1124 2692 1313 2768 Academia
1334 2693 1517 2766 evaderent
1543 2717 1611 2766 non
1635 2691 1792 2789 leguleii,

270 2806 390 2904 quales
423 2831 555 2882 oroneo
593 2809 743 2906 appellat
782 2821 959 2884 vvcantores
990 2811 1238 2900 formularum,
1274 2812 1483 2910 syllabarum
1517 2813 1691 2909 aucupes''
1724 2811 1793 2899 ¹¹),
1866 2833 1869 2838 “

273 2924 334 2998 sed
370 2926 449 2999 luti
486 2951 562 3001 vere
598 2927 722 3026 patrii,
760 2928 890 3004 sincera
921 2930 1005 3003 iuria
1038 2930 1179 3006 scientia
1212 2958 1251 3007 aa
1285 2930 1469 3030 prudentia
1500 2930 1591 3004 civili
1622 2930 1792 3018 valentes,

269 3045 421 3121 iustitiae
448 3054 483 3122 et
504 3048 540 3121 in
564 3047 637 3122 foro
659 3049 753 3123 etin
780 3050 874 3125 ouria
899 3051 1095 3128 defensores
1118 3052 1258 3127 assidui.
1312 3053 1535 3149 Quamquam
1562 3049 1647 3148 qnid
1670 3049 1794 3123 attinet

270 3189 433 3264 quaerere
468 3167 511 3241 de
541 3168 687 3242 docendi
711 3169 842 3244 ratione
862 3195 902 3244 ea
926 3171 962 3244 in
986 3172 1185 3260 Facultates,
1209 3173 1246 3246 in
1272 3196 1340 3269 qua
1363 3193 1554 3244 nonnanes
1580 3176 1615 3241 et
1640 3191 1791 3242 vonrrns

267 3295 302 3358 et
337 3307 519 3376 nonnarus
551 3296 587 3361 et
619 3311 884 3363 scaunnurarus
919 3296 955 3362 et
987 3313 1135 3363 vocans
1167 3297 1202 3363 et
1236 3312 1433 3362 numeneus
1466 3293 1502 3361 et
1536 3309 1791 3360 rnoaoncnrus

268 3404 441 3479 docuere?
489 3408 650 3483 Quorum
685 3407 834 3482 virorum
862 3407 1055 3497 institutio,
1091 3411 1144 3482 vel
1170 3410 1200 3482 si
1224 3395 1296 3483 sola
1321 3407 1484 3482 methodo
1505 3415 1694 3505 spectetur,
1720 3430 1792 3480 om·

268 3523 366 3597 nium
400 3549 571 3599 consensu
609 3527 689 3600 talis
722 3527 809 3614 fnit,
846 3537 904 3614 nt,
936 3527 1036 3602 cuins
1058 3528 1220 3627 discipuli
1245 3528 1282 3601 in
1306 3535 1442 3626 pectore
1466 3527 1502 3601 hi
1527 3550 1599 3600 non
1626 3525 1792 3600 excitave-

268 3641 338 3715 rint
361 3641 527 3716 libertatis
552 3643 734 3741 spiritnm,
760 3670 825 3720 nae
849 3647 957 3720 istum
986 3647 1144 3721 servituti
1171 3657 1293 3722 natum
1320 3647 1427 3722 luisse
1447 3645 1664 3721 contendam.

314 3761 369 3834 De
403 3761 595 3837 medicinae
629 3773 664 3836 ct
693 3765 929 3864 philosophiae
955 3767 1121 3841 naturalis
1147 3766 1400 3865 professoribus
1429 3766 1602 3840 absolvam
1627 3762 1792 3861 paucissi-

266 3879 342 3954 mis.
392 3881 473 3954 Non
509 3882 603 3956 euim
643 3907 761 3958 meum
799 3894 852 3960 eat
886 3885 1053 3962 disserere
1085 3886 1129 3961 dc
1163 3886 1268 3962 rebus
1296 3913 1317 3960 a
1345 3909 1421 3960 meo
1449 3883 1642 3957 studiorum
1667 3906 1793 3980 genere

265 3998 352 4073 adeo
384 3999 515 4074 alienis.
566 4003 616 4076 At
651 4003 702 4077 vel
737 4004 785 4078 sic
822 4013 938 4078 tamen
971 4005 1139 4081 affirmare
1177 4007 1312 4095 ausim,
1351 4005 1475 4079 horum
1511 4002 1616 4077 etiam
1651 4026 1791 4100 operam

266 4117 433 4193 libertatis
469 4145 594 4196 consae
633 4121 740 4196 fnisse
779 4123 1008 4199 utilissimam.
1070 4126 1112 4198 In
1150 4126 1225 4222 ipsa
1265 4125 1474 4200 Academiae
1510 4123 1790 4222 inauguratione,

143 4299 151 4319 .
265 4261 346 4310 oum
365 4263 492 4338 pompa
514 4241 664 4316 solennis
685 4267 746 4340 per
764 4243 895 4341 plateas
919 4244 1116 4333 duceretur,
1137 4267 1247 4320 nauus
1268 4269 1385 4320 nouas
1405 4245 1526 4320 festivo
1543 4243 1791 4342 epigrammate

267 4355 428 4431 salutavit
452 4367 528 4434 tum
555 4361 639 4436 alios
665 4363 883 4461 antiquitatis
907 4362 1044 4451 heroes,
1070 4370 1146 4437 tum
1172 4389 1433 4440 arrrooaarmr
1458 4373 1494 4438 et
1516 4387 1790 4452 anrsrornrnrr,

265 4475 314 4550 in·
338 4477 425 4552 hanc
460 4479 580 4554 urbem
620 4481 770 4556 advenas
806 4485 866 4572 ¹³).
915 4483 967 4556 Ea
1001 4483 1162 4559 salutatio
1193 4484 1300 4558 veluti
1330 4485 1529 4561 vaticinium
1564 4483 1671 4558 fuisse
1705 4481 1791 4557 mihi

266 4595 413 4672 videtur.
465 4599 607 4698 Semper
633 4603 724 4675 enim
748 4603 783 4676 in
808 4602 951 4676 medicis
977 4602 1103 4677 nostris
1127 4615 1162 4678 et
1184 4614 1329 4680 naturae
1353 4603 1657 4702 investigatoribus
1676 4603 1790 4678 nescio

265 4713 351 4813 quid
385 4715 674 4816 Hippocraticnm
710 4728 746 4794 et
775 4721 1033 4797 Aristotelicum
1069 4722 1247 4800 habitavit.
1298 4725 1372 4805 Qui
1398 4725 1478 4799 licet
1502 4724 1679 4824 ingentem
1706 4723 1787 4798 doc·

264 4833 374 4910 trinae
405 4837 539 4935 copiam
571 4864 641 4914 non
670 4849 888 4940 spernerent,
926 4865 1118 4940 numquam
1151 4852 1268 4920 tamen
1305 4857 1507 4922 amaverunt
1541 4842 1785 4944 polymathiam

1936 3923 1938 3928 ι
2048 3773 2057 3911 l
