4962 6178
913 696 1192 766 ORthO.
1779 694 1819 758 11

292 907 405 983 totis
442 905 690 1004 praesidio.
752 907 858 985 Quod
891 915 1140 1004 argumentum
1170 929 1239 982 non
1271 907 1407 1005 copiose
1433 915 1469 980 et
1497 913 1655 982 aooumte
1685 911 1814 1003 pertra·

290 1027 416 1116 cnuti,
452 1027 514 1104 sed
552 1071 603 1088 -
636 1051 697 1126 pro
732 1027 836 1102 huius
865 1027 967 1104 borae
995 1027 1167 1128 angustiis
1194 1069 1247 1088 -
1270 1027 1480 1125 primoribus
1508 1035 1688 1123 tamquam
1714 1025 1815 1102 labiis

290 1147 458 1224 delibanti
479 1147 569 1238 Vos,
594 1141 741 1247 quaeso,
768 1151 845 1224 ΑΑ.
872 1149 979 1238 ΗΗ..
1005 1149 1180 1224 benevolis
1203 1149 1350 1224 auribus
1370 1148 1567 1246 animisque
1591 1147 1712 1224 lavete.

339 1270 447 1350 Quod
475 1269 511 1344 in
544 1269 722 1367 proverbio
751 1269 883 1344 Gallico
917 1280 989 1360 est,
1025 1270 1242 1346 nobilitatem
1274 1269 1383 1344 lacere
1411 1266 1680 1366 obligationem,
1714 1267 1752 1342 id
1773 1266 1811 1351 iu

290 1390 460 1492 praesenti
494 1413 598 1464 caasa
629 1391 767 1489 egregie
799 1391 897 1466 valet.
949 1392 1040 1466 Nam
1065 1415 1144 1468 oum
1174 1392 1256 1466 haee
1284 1389 1328 1464 sit
1357 1388 1566 1464 Academiae
1592 1397 1728 1464 nostrae
1751 1411 1811 1462 no·

292 1511 425 1598 bilitas,
453 1510 549 1607 quod
575 1509 646 1584 filia
668 1509 734 1584 luit
759 1511 946 1600 libertatis,
972 1511 1043 1586 lilia
1062 1522 1180 1587 autem
1204 1519 1348 1586 naturae
1371 1509 1447 1608 lege
1470 1508 1645 1606 obligetur
1667 1516 1812 1584 matrem

289 1630 449 1729 diligere,
486 1629 617 1718 colere,
655 1631 764 1704 tueri:
807 1642 930 1730 sponte
966 1632 1193 1731 intelligitur,
1230 1628 1454 1706 Academiam
1492 1627 1699 1702 Ieideusem
1736 1627 1813 1726 ipsa

288 1747 420 1848 origine
448 1748 555 1823 luisse
586 1749 817 1856 destinatam,
851 1760 890 1824 ut
922 1749 1090 1824 libertatis
1121 1749 1330 1848 praesidium
1364 1757 1465 1824 asset.
1517 1748 1642 1846 Neque
1671 1747 1736 1824 boo
1764 1748 1814 1824 ita

288 1879 467 1967 acceptum
495 1868 616 1957 velim,
642 1869 742 1967 quasi
772 1870 847 1944 ioco
872 1870 1016 1944 dixerim
1041 1880 1102 1945 aut
1129 1895 1221 1944 mero
1246 1869 1428 1944 verborum
1451 1871 1547 1944 lusu:
1575 1869 1663 1944 serio
1684 1867 1757 1942 diri
1778 1875 1815 1942 et

286 1989 331 2064 ad
353 1989 403 2064 rei
427 1989 669 2088 proprietatem
693 1990 961 2066 accommodate.
999 1991 1078 2064 Hoc
1102 1990 1218 2087 ipsum
1240 1989 1333 2064 enim
1355 1989 1491 2065 volebat
1511 1989 1676 2088 Princeps
1701 1991 1813 2066 Areu·

284 2110 413 2197 sioeus,
448 2107 537 2183 hano
571 2109 784 2186 voluntatem
818 2111 1054 2186 disertissimis
1084 2111 1196 2185 verbis
1222 2108 1412 2208 expressit,
1436 2118 1476 2184 ut
1498 2109 1704 2184 conderetur
1724 2110 1814 2189 Aca·

286 2229 420 2319 demis,
446 2253 535 2326 quae
562 2229 777 2306 olibertatem
799 2231 935 2306 fulciret
961 2243 996 2305 et
1020 2232 1260 2306 conservaret''
1288 2233 1330 2323 ¹).
1383 2232 1508 2330 Neque
1531 2231 1626 2305 alind
1654 2231 1814 2307 volebant

284 2373 461 2449 proceres,
485 2374 635 2448 quornm
658 2376 761 2450 opera
782 2362 817 2426 et
839 2355 1045 2427 anctoritate
1068 2352 1239 2428 utebatur.
1280 2351 1479 2426 Immortale
1502 2351 1654 2450 prolecto
1679 2350 1813 2448 sapien·

285 2471 354 2544 nae
391 2469 650 2544 testimoniuml
698 2473 740 2544 In
772 2473 886 2545 medio
915 2496 1091 2546 armorum
1116 2472 1285 2571 strepitu,
1315 2472 1351 2545 in
1379 2496 1517 2546 summo
1542 2470 1668 2546 civium
1695 2469 1814 2545 discri-

286 2589 380 2664 mine
403 2613 465 2688 pro
486 2590 554 2664 aris
576 2615 616 2665 ac
638 2590 722 2664 locis
748 2591 1013 2681 dimicantium,
1038 2592 1149 2666 Leida
1173 2593 1228 2666 vix
1248 2591 1429 2666 obsidione
1445 2591 1608 2682 liberata,
1633 2601 1669 2666 at
1684 2591 1813 2688 Hispa·
1898 2591 1899 2594 ’

284 2733 407 2784 norum
432 2709 539 2807 copiis
569 2709 683 2784 adhuc
711 2733 773 2806 per
801 2711 1026 2786 Hollandiam
1058 2710 1318 2809 grassantibus,
1350 2737 1431 2786 cum
1453 2712 1519 2786 elia
1541 2711 1657 2786 omnia
1678 2710 1815 2810 agenda

283 2827 480 2902 viderentur
514 2851 617 2924 quam
652 2853 741 2925 quae
776 2831 821 2904 ad
853 2830 1079 2929 tranquillum
1118 2830 1297 2904 literarum
1336 2830 1469 2904 cultum
1506 2829 1731 2929 pertinerent,
1764 2830 1816 2908 illi

284 2957 421 3039 tamen,
445 2947 566 3022 ceteris
593 2947 698 3022 rebus
721 2950 937 3048 postpositis,
963 2950 1049 3025 nihil
1073 2950 1252 3049 antiquius
1276 2950 1474 3026 habuerunt
1500 2975 1606 3049 quam
1632 2950 1814 3026 instituere

283 3069 526 3157 Academiam,
560 3068 597 3144 in
632 3069 769 3167 istoque
803 3072 961 3145 tumultu
999 3080 1034 3145 et
1070 3071 1302 3170 trepidatione
1339 3093 1379 3144 ea
1416 3069 1471 3144 usi
1507 3078 1589 3144 eunt
1619 3071 1813 3161 celeritate,

284 3199 323 3263 ot
357 3189 413 3262 vix
449 3198 598 3286 quatuor
636 3191 809 3264 mensium
841 3191 1021 3264 interuallo
1057 3190 1246 3265 Academia
1275 3188 1345 3263 iam
1373 3195 1479 3262 staret
1507 3195 1646 3286 parata,
1672 3200 1815 3283 ornata,

282 3309 498 3407 inaugurate.
549 3310 690 3410 Quippe
714 3311 958 3411 intelligebant
984 3310 1139 3386 nascenti
1164 3309 1313 3386 libertati
1338 3308 1401 3382 hoc
1425 3307 1596 3405 imprimis
1621 3332 1709 3406 opus
1738 3333 1815 3386 esse

283 3426 503 3504 adminiculo.
553 3429 633 3504 Non
672 3438 809 3504 mutum
841 3430 935 3505 enim
966 3430 1097 3528 requiri
1130 3429 1236 3517 viros,
1263 3428 1325 3526 qui
1349 3429 1496 3526 patriam
1519 3429 1625 3504 ermis
1646 3429 1691 3504 ab
1716 3430 1814 3509 hoste

283 3555 541 3644 recuperarent,
579 3549 775 3626 sedetiam
811 3551 873 3650 qui
904 3560 1140 3649 recuperatam
1178 3549 1324 3624 consilio
1349 3557 1385 3622 et
1404 3549 1609 3624 auctoritate
1635 3561 1813 3650 regerent,

282 3668 344 3766 qui
374 3667 430 3741 ius
465 3668 575 3768 perite
611 3669 783 3758 dicerent,
820 3672 882 3770 qui
916 3673 1135 3746 iuventutem
1175 3671 1274 3746 bonis
1311 3670 1445 3746 artibus
1471 3670 1715 3761 informarent,
1750 3673 1813 3770 qui

282 3788 542 3887 aegrotantibus
576 3814 677 3888 opem
708 3791 853 3881 ferrent,
889 3793 1008 3866 omnia
1041 3793 1192 3892 denique
1216 3791 1353 3866 obirent
1380 3815 1544 3877 munera,
1570 3814 1659 3888 quae
1680 3791 1811 3866 civitati
1873 3857 1886 3876 ,x

282 3909 368 3982 bene
400 3908 579 3983 ordinatae
612 3913 803 3986 necessaria
839 3921 942 4002 sunt,
982 3923 1019 3988 at
1060 3938 1128 3988 non
1163 3922 1310 4013 possunt
1346 3911 1419 3985 sine
1454 3909 1610 3984 doctrina
1636 3911 1809 4017 susbneri.

282 4028 485 4103 Sentiebant
520 4039 696 4126 praeterea
731 4033 932 4131 religionem
959 4033 1217 4121 Reformatam,
1244 4030 1443 4132 primariam
1468 4041 1562 4104 certe
1586 4055 1724 4106 causam
1749 4055 1812 4108 cur

282 4172 303 4221 a
334 4149 431 4247 Rege
455 4147 679 4239 deiecissent,
714 4153 855 4227 tandem
883 4179 1028 4230 excusso
1050 4155 1133 4254 iugo
1157 4153 1380 4251 respirantem
1410 4152 1585 4250 tantisque
1607 4151 1753 4227 miseriis
1775 4160 1811 4230 et

283 4269 454 4342 aerumnis
486 4279 663 4370 ereptam,
702 4281 815 4348 tamen
852 4299 917 4348 nec
950 4276 1087 4349 firmam
1121 4274 1308 4348 consistere
1348 4297 1413 4348 nec
1451 4272 1564 4372 rigere
1601 4296 1702 4370 posse
1735 4272 1811 4350 sine

283 4388 412 4462 snhdae
446 4391 652 4466 eruditionis
683 4393 897 4470 adiumento.
949 4394 1219 4491 Quamprimum
1244 4394 1362 4493 itaque
1390 4393 1641 4491 providendum
1668 4416 1743 4468 asse
1770 4401 1810 4470 ut

282 4493 532 4584 succrescerent
570 4509 684 4584 idonei
720 4511 914 4600 antistites,
950 4513 1176 4588 humanitatis
1208 4521 1245 4588 et
1280 4514 1471 4614 theologiae
1506 4513 1632 4588 studiis
1658 4513 1807 4603 exculti,

282 4627 344 4726 qui
379 4629 600 4726 euangelium
636 4632 783 4706 scienter
817 4632 1026 4731 explicarent
1050 4643 1085 4709 et
1113 4633 1291 4709 ecclesiam
1310 4659 1390 4709 cum
1418 4635 1588 4734 dignitate
1615 4643 1806 4712 tuerentur.

281 4748 328 4822 Et
352 4747 523 4846 theologis
548 4750 690 4848 quidem
714 4753 840 4827 nostris
863 4753 923 4828 illo
947 4763 1121 4854 tempore,
1147 4754 1183 4830 in
1206 4780 1275 4854 qua
1296 4756 1580 4843 instituerentur,
1604 4753 1701 4829 nulls
1719 4756 1806 4830 dnm

282 4868 396 4944 schola
431 4869 592 4968 potebat3
630 4871 922 4972 iurisprodentiae
957 4886 1075 4950 autem
1109 4884 1145 4949 st
1179 4875 1415 4976 philosophiae
1447 4885 1482 4950 et
1518 4875 1709 4950 medicinae
1732 4882 1805 4952 stu·

1563 4991 1608 5068 qs
