4962 6178
868 718 1145 789 ORATIO.
1725 715 1765 782 31

247 924 452 1000 suavitatem
473 925 668 1015 efficacius,
694 925 779 1000 nihil
803 926 1011 1004 humanitati
1037 927 1226 1016 salubrius,
1253 949 1314 1025 pro
1339 927 1403 1001 hac
1425 925 1529 999 Alma
1553 923 1686 1011 Matre,
1711 924 1767 998 cui
1885 935 1888 940 '

243 1053 341 1120 tanta
361 1071 400 1120 ac
425 1045 507 1120 talia
527 1046 632 1121 debet
653 1055 689 1119 et
715 1047 956 1148 unnsquisque
980 1061 1137 1124 nostrum
1164 1056 1199 1122 et
1224 1047 1383 1120 universa
1404 1044 1537 1144 patria,
1570 1068 1631 1144 par
1653 1053 1706 1118 est
1730 1052 1771 1120 ut

245 1167 378 1266 optima
400 1175 477 1240 vota
497 1166 773 1265 propensissimis
796 1169 922 1244 studiis
942 1193 1196 1270 nuncupemus.
1247 1168 1296 1241 At
1317 1167 1366 1240 ita
1386 1166 1459 1239 dies
1481 1166 1585 1240 leatus
1606 1190 1769 1265 agamus,

248 1294 289 1362 nt
312 1285 441 1384 quibus
464 1295 556 1360 recta
579 1285 789 1363 conscientia
812 1289 877 1379 sit,
904 1291 990 1388 quid
1016 1317 1036 1364 a
1061 1288 1161 1364 nobis
1184 1287 1335 1387 postulet
1361 1287 1444 1359 haec
1469 1296 1584 1360 nostra
1612 1285 1772 1378 libertas,

247 1432 269 1482 a
298 1401 485 1480 maioribus
519 1405 608 1480 ferro
645 1415 680 1481 et
712 1431 832 1483 cruore
856 1419 974 1509 parta,
1001 1410 1036 1484 in
1065 1407 1127 1484 hac
1152 1409 1329 1482 literarum
1358 1406 1438 1481 sede
1462 1431 1522 1506 per
1549 1406 1614 1480 tria
1638 1406 1773 1480 saecula

248 1534 443 1600 constanter
475 1527 669 1616 custodita,
707 1535 824 1602 nostra
858 1529 962 1604 etiam
1001 1553 1105 1628 opera
1133 1529 1168 1601 in
1201 1535 1376 1626 posterum
1407 1525 1620 1600 vindicanda.
1662 1526 1773 1601 Nobis

248 1667 316 1719 non
348 1645 426 1720 illae
458 1645 598 1721 obstant
629 1647 871 1737 difficultates,
908 1674 998 1748 quae
1021 1649 1102 1723 olim
1128 1648 1286 1748 patribus
1309 1646 1514 1734 obstabant,
1540 1669 1603 1719 nec
1625 1645 1683 1719 illa
1707 1647 1771 1720 im·

249 1767 382 1842 minant
406 1767 568 1865 pericula.
621 1769 772 1867 Magnos
795 1768 887 1866 bona
907 1794 1009 1844 causa
1032 1769 1113 1844 fecit
1137 1793 1347 1868 progressus,
1384 1766 1605 1867 Ignorantine
1628 1765 1773 1841 nebulas

249 1886 415 1985 paulatim
449 1885 594 1986 dispulit
625 1887 746 1962 clarior
774 1888 846 1963 lux.
897 1889 1053 1989 Legibus
1077 1888 1210 1962 utimur
1236 1887 1473 1987 aequissimis,
1499 1905 1646 1984 quarum
1675 1910 1771 1983 prae·

251 2007 337 2080 sidio
371 2030 470 2080 suam
506 2008 655 2106 quisque
692 2018 799 2082 artem
831 2009 919 2084 adeo
952 2009 1058 2082 libera
1092 2010 1310 2108 profitemur,
1344 2015 1383 2081 ut
1413 2007 1499 2080 nihil
1524 2005 1632 2106 possit
1657 2030 1771 2104 supra.

250 2127 299 2200 At
329 2125 363 2198 in
396 2127 503 2200 tantis
534 2126 627 2202 hisce
658 2128 757 2203 bonis
791 2152 834 2202 ne
858 2129 1119 2202 indormiamns.
1171 2127 1337 2201 Nondum
1365 2131 1579 2200 evanuerunt
1606 2124 1774 2199 libertatis

250 2245 444 2321 adversarii.
509 2246 584 2321 Nec
623 2247 729 2322 fracta
767 2256 822 2321 est
861 2272 981 2322 eorum
1023 2246 1224 2336 insolentia,
1263 2246 1324 2345 qui
1364 2270 1477 2321 rerum
1516 2252 1674 2318 naturam
1711 2269 1775 2318 suo

251 2365 394 2438 modulo
426 2363 542 2438 metiri
572 2364 684 2453 soliti,
721 2365 873 2440 veritatis
899 2367 968 2440 vim
993 2391 1183 2466 sanamque
1208 2368 1375 2440 rationem
1397 2364 1676 2452 reformidantes,
1700 2388 1774 2439 om·

251 2507 332 2557 nem
361 2481 533 2556 sentiendi
559 2483 766 2582 dicendique
790 2485 963 2561 licentiam
982 2486 1031 2560 ita
1051 2511 1266 2583 compescere
1286 2493 1475 2573 conantur,
1502 2492 1541 2558 ut
1563 2483 1629 2583 ipsi
1651 2483 1775 2558 animis

253 2609 288 2676 et
311 2600 529 2676 conscientiis
549 2602 746 2702 imperitare
768 2605 923 2703 possint,
949 2603 986 2676 id
1011 2605 1087 2678 Dao
1111 2604 1240 2677 seilicet
1259 2613 1437 2702 acceptum
1459 2605 1530 2679 lore
1550 2603 1774 2678 clamitantes.

252 2722 331 2796 Hoc
354 2721 429 2818 ipso
455 2722 549 2819 quod
573 2722 719 2795 vivimus
743 2731 898 2823 tempore
925 2724 1027 2823 longa
1051 2724 1188 2822 lateque
1211 2723 1317 2821 serpit
1341 2748 1381 2797 ea
1405 2723 1520 2811 labes,
1544 2722 1777 2820 cupidissimis

252 2840 403 2940 partium
438 2839 561 2914 studiis
598 2864 659 2940 par
691 2843 866 2940 Europam
900 2842 1136 2916 disseminata.
1188 2842 1351 2917 Nostram
1384 2869 1523 2942 quoque
1549 2842 1695 2942 patriam
1724 2842 1776 2916 in·

255 2959 360 3046 rasit,
386 2982 450 3032 nac
470 2984 659 3059 paucorum
684 2972 840 3054 mentes,
866 2969 980 3035 rectae
1003 2986 1092 3061 quae
1117 2967 1207 3035 stare
1230 2962 1375 3036 antehac
1399 2962 1573 3050 solebant,
1599 2941 1778 3036 dementes

255 3079 299 3154 ad
332 3078 425 3155 invia
458 3105 617 3180 quaeque
650 3083 803 3160 deflexit.
855 3085 1034 3158 Iactantur
1057 3107 1156 3158 voces
1180 3077 1323 3156 nimiam
1350 3081 1496 3156 docendi
1524 3081 1715 3156 libertatem
1740 3083 1778 3157 in

257 3200 384 3275 scholis
427 3200 576 3300 publicis
614 3203 780 3278 invidiose
818 3204 1086 3286 criminantium.
1154 3203 1196 3276 In
1233 3203 1309 3302 ipso
1345 3200 1517 3276 Ordinum
1556 3201 1778 3276 Generalium

258 3329 449 3408 conventu,
475 3321 536 3418 qui
557 3322 676 3420 populi
697 3323 806 3398 nostri
825 3324 900 3398 iura
926 3323 1147 3411 custodiunt,
1172 3323 1345 3397 iactantur
1365 3322 1523 3421 querelae
1542 3322 1585 3395 de
1607 3322 1671 3396 hae
1690 3323 1778 3397 Aea·

258 3439 392 3527 demis,
430 3464 487 3514 eas
525 3441 698 3516 doctrinas
732 3451 964 3544 propagante,
1007 3443 1216 3541 quibuscum
1254 3441 1356 3516 nulla·
1390 3442 1588 3539 superstitio
1623 3449 1779 3515 constare

109 3653 117 3666 ι
257 3559 376 3657 possit.
427 3560 541 3635 Facile
574 3573 626 3635 est
663 3574 880 3638 contemnere
913 3562 1074 3638 ridiculas
1098 3561 1341 3666 tenebrionum
1368 3562 1524 3649 voculas,
1548 3560 1592 3635 ab
1619 3560 1778 3635 humani-

259 3677 341 3752 tatis
363 3679 584 3754 incrementis
607 3683 722 3756 nescio
740 3683 824 3781 quid
847 3683 914 3758 sibi
932 3681 1174 3757 metuentium.
1213 3682 1288 3755 Nec
1312 3681 1461 3755 multum
1482 3679 1617 3754 solliciti
1637 3703 1777 3767 sumus,

192 3847 195 3852 ·
260 3797 346 3896 quid
377 3799 435 3872 isti
472 3800 667 3877 moliantur.
719 3803 827 3878 Haud
864 3803 970 3879 dubia
1006 3804 1097 3878 enim
1124 3811 1176 3877 eat
1203 3802 1370 3877 libertatis
1395 3801 1554 3888 victoria,
1580 3824 1685 3874 novas
1707 3824 1778 3874 cer·

260 3919 366 3993 tando
399 3919 487 3992 viras
521 3922 751 4019 acquirentis,
788 3923 824 3996 in
861 3931 1003 4022 totoque
1037 3933 1204 3999 terrarum
1241 3921 1323 3995 orbe
1352 3921 1537 4020 aliquando
1564 3926 1779 4019 regnaturae.

261 4039 330 4113 Sed
366 4039 579 4139 vigilandum
620 4050 753 4132 tamen,
790 4067 835 4118 ne
874 4043 928 4117 vel
962 4067 1147 4141 parumper
1179 4041 1330 4116 nimium·
1359 4041 1469 4116 securi
1504 4065 1524 4114 a
1560 4039 1781 4139 vigilantibus
1821 4045 1826 4052 '

262 4181 478 4257 occupemur.
530 4163 752 4262 Quapropter
775 4187 896 4238 omnes
919 4163 1111 4238 coniunctis
1137 4161 1262 4236 animis
1289 4169 1324 4236 et
1348 4161 1478 4236 viribus
1500 4161 1591 4234 idem
1615 4184 1778 4259 agamus:

254 4293 397 4352 'sacrum
437 4280 565 4378 pignus
605 4284 785 4358 tueamur!
834 4283 878 4358 Id
915 4309 978 4358 nos
1014 4307 1180 4383 agamus,
1218 4280 1486 4357 aestimatiasimi
1523 4282 1707 4355 Curatores
1746 4288 1781 4355 at

264 4395 446 4496 Collegae,
478 4400 605 4498 quibus
636 4427 716 4501 prae
750 4403 872 4478 ceteris
906 4427 947 4477 ea
972 4427 1055 4477 cura
1078 4401 1241 4476 mandata
1266 4410 1329 4476 est.
1379 4401 1422 4475 ld
1451 4401 1643 4500 recogita,
1678 4426 1781 4500 gene·

263 4517 332 4590 rosi
367 4517 617 4610 adolescentes,
653 4522 689 4596 in
722 4523 850 4622 quibus
884 4523 1032 4621 reposita
1066 4531 1120 4594 ast
1154 4522 1284 4620 patriae
1324 4547 1415 4620 spes.
1478 4521 1571 4594 Olim
1605 4530 1780 4620 praestan·

264 4636 422 4712 tissimus
445 4639 645 4731 historicus,
671 4643 732 4717 sed
750 4667 865 4717 rerum
890 4651 1082 4716 nostrarum
1107 4640 1248 4716 minime
1267 4640 1396 4730 fautor,
1417 4665 1601 4716 ramanus
1618 4667 1781 4732 sanans,

262 4755 408 4830 maiores
448 4768 601 4851 nostros,
637 4786 719 4837 cnm
750 4761 998 4860 reprehendere
1037 4760 1158 4849 vellat,
1196 4759 1320 4835 eximie
1355 4761 1528 4850 laudavit,
1566 4769 1683 4859 utpote
1720 4761 1782 4859 qui

266 4877 323 4953 rin
355 4878 513 4955 libertate
546 4884 798 4982 propugnanda
830 4882 909 4982 plus
945 4881 1045 4957 satis·
1064 4880 1289 4970 calescerent,
1325 4881 1405 4956 huic
1435 4880 1638 4980 posthabere
1666 4879 1781 4954 omnia
