4962 6178
991 1061 2020 1221 sarcinata-errorum,

1487 1341 1524 1388 nt

1087 1549 1383 1640 acaunum
1413 1481 1924 1635 taenaro-armna

881 1833 1177 1907 HABENDARUM,
1199 1834 1295 1896 POST
1316 1835 1456 1896 raama
1478 1832 1668 1896 ansnlvas
1689 1831 1790 1894 ANNI
1812 1831 2133 1896 blumbeam

955 2480 1204 2557 FACULTAS
1230 2477 1596 2555 PHILOSOPHIAE
1621 2477 1967 2553 aflaonnaloan
1991 2479 2053 2554 ΕΤ

1159 2601 1450 2675 LITERARUM
1475 2596 1837 2673 HUMANIORUM.

740 2853 782 2916 Μ.
803 2855 853 2915 ΒΕ
876 2855 991 2914 VRIES
1011 2842 1184 2941 Linguam
1209 2841 1396 2940 literaeque
1418 2839 1547 2938 patriae
1568 2838 1773 2939 explicabit,
1791 2838 1915 2914 diebus
1929 2837 2067 2928 Lunae,

783 2962 901 3039 Martia
926 2971 961 3036 et
985 2962 1164 3049 Mercurii,
1213 3013 2067 3036 ........................
2118 2956 2203 3033 hore
2220 2960 2260 3034 ll.

832 3082 1007 3181 Linguam
1051 3080 1237 3180 literaeque
1280 3080 1408 3180 patriae
1446 3079 1553 3155 medii
1587 3077 1662 3154 aevi
1702 3077 1907 3177 explicabit,
1943 3078 2067 3154 diebua

880 3200 998 3274 Martia
1032 3207 1068 3273 et
1106 3199 1213 3290 lovis,
1251 3253 2063 3278 .......................
2206 3200 2258 3276 lll.

832 3321 1007 3420 Linguam
1025 3318 1210 3419 literaeque
1225 3321 1354 3419 patrias
1377 3319 1503 3396 saeculi
1523 3319 1624 3395 XVll
1647 3319 1853 3418 explicabit,
1879 3320 1936 3395 die
1956 3318 2068 3411 Iovia,
2191 3321 2258 3398 llll.

832 3442 886 3514 De
920 3439 1040 3538 lingua
1075 3441 1186 3539 patria
1218 3465 1306 3540 pure
1339 3447 1375 3514 et
1408 3439 1583 3540 eleganter
1608 3437 1789 3516 scribenda
1813 3448 1911 3542 aget,
1936 3440 2066 3516 additia

878 3560 1048 3634 exercitiis
1072 3561 1251 3660 practicis,
1278 3559 1370 3636 horia
1395 3567 1515 3659 postea
1540 3560 1801 3636 constituendis.

829 3679 1031 3754 carminum
1069 3679 1175 3755 medii
1205 3679 1282 3756 aevi
1313 3679 1632 3779 interpretationem
1658 3679 1811 3756 criticam
1835 3679 2062 3780 provectiores

876 3799 1033 3889 docebit,
1068 3799 1124 3874 die
1157 3800 1270 3890 Iovis,
1316 3858 2060 3879 .....................
2217 3802 2254 3876 ll.

826 3916 1000 4016 Linguam
1026 3916 1209 3992 Gothicam
1236 3918 1371 4008 tradet,
1398 3919 1455 3993 die
1478 3918 1619 4007 Lunae,
1646 3977 1654 3996 .
1682 3978 1690 3995 .
1719 3977 1728 3995 .
1755 3979 1763 3996 .
1792 3980 1800 3997 .
1828 3979 1838 3999 .
1864 3911 1875 3997 .’
1901 3977 2058 3998 .....
2195 3922 2254 4009 lll,

928 4043 963 4109 et
988 4035 1044 4110 die
1070 4037 1157 4111 levia
1167 4092 1873 4126 ....................
1873 4053 1882 4066 “
1901 4097 2056 4117 .....
2226 4040 2240 4111 l
2242 4096 2252 4114 .

827 4155 1001 4254 Linguam
1034 4156 1372 4256 Angla-Saxonicam
1397 4161 1433 4231 et
1457 4155 1618 4232 Veterem
1641 4156 1809 4234 Frisieam
1831 4143 1966 4248 trabat,
1989 4158 2061 4235 die·

875 4275 946 4348 bua'
966 4283 1002 4350 et
1027 4273 1119 4350 boris
1143 4273 1361 4352 auditoribus
1385 4277 1586 4352 commodis.

731 4417 768 4479 Δ.
786 4409 968 4474 RUTGERS
989 4395 1120 4470 Iaaaiae
1151 4402 1187 4471 et
1222 4395 1387 4471 Ieremiae
1427 4397 1623 4486 Vaticiaia,
1662 4396 1824 4472 Proverb.
1862 4398 1991 4474 librum
2022 4406 2058 4476 at

779 4521 935 4594 Prolatae
961 4515 1103 4591 selectos
1123 4515 1427 4616 interpretabitur,
1454 4516 1578 4591 diebus
1600 4515 1721 4592 Lanae
1748 4526 1784 4592 et
1810 4517 1983 4609 Martia„
2010 4577 2020 4597 .
2048 4577 2056 4596 .
2190 4523 2252 4610 lx,

922 4644 959 4711 et
984 4634 1040 4709 die
1064 4635 1229 4710 Mercurii
1238 4692 2055 4725 .......................
2163 4641 2251 4716 Vlll.

825 4759 983 4858 Linguae
1023 4753 1203 4830 Hebraeae
1245 4755 1506 4854 grammaticam
1551 4755 1710 4846 docebit,
1750 4757 1874 4834 diebua
1913 4759 2057 4848 Lunae,

873 4875 995 4952 Martia
1029 4885 1063 4949 et
1096 4874 1208 4965 Iovia,
1243 4931 2054 4956 .......................
2161 4878 2250 4955 Vlll.
