4962 6178
892 677 1174 745 cultro.
1709 677 1793 745 -35

264 891 445 966 Ieidensis
472 914 573 966 usum
601 887 778 964 couvacht
838 889 955 968 Quam
980 887 1124 962 firmiter
1149 895 1267 962 autem
1297 885 1333 960 in
1356 909 1398 960 ea
1422 883 1615 960 studiorum
1643 886 1793 975 ratione,

266 1037 372 1111 quam
403 1038 424 1086 a
456 1010 624 1112 principio
649 1016 788 1104 secutus
814 1007 948 1094 luerat,
975 1006 1041 1080 sibi
1067 1013 1261 1093 constaret,
1286 1003 1478 1080 luculenter
1502 1004 1671 1093 ostendit,
1696 1029 1808 1094 euru„

266 1133 472 1232 magistratu
504 1130 698 1206 academico
730 1127 873 1202 feliciter
904 1134 1023 1226 gesto,
1051 1125 1191 1225 publice
1219 1123 1322 1199 verba
1345 1125 1473 1200 faceret
1503 1127 1565 1200 nde
1590 1131 1736 1202 naturae
1763 1136 1798 1201 et

266 1257 443 1329 literarum
475 1253 585 1354 studio
617 1253 654 1324 ia
689 1273 730 1323 re
761 1249 891 1322 medica
925 1247 1228 1324 contenebrescat
1281 1245 1489 1321 Academiae
1521 1246 1650 1322 Rectcr
1680 1248 1798 1345 itaque

266 1375 412 1450 eandem
435 1395 576 1448 causam
601 1369 833 1456 defendebat,
868 1392 973 1467 quam
1000 1367 1279 1442 adolescentulus
1307 1368 1341 1441 iu
1369 1368 1559 1466 Gymnasio
1583 1367 1795 1442 defenderet·

267 1497 313 1569 Et
344 1502 442 1568 eraut
473 1515 590 1567 revera
625 1501 769 1566 naturae
790 1515 831 1564 ac
854 1489 1029 1564 literarum
1054 1488 1170 1562 studia
1191 1488 1227 1562 in
1250 1511 1476 1564 snaruesarc
1499 1488 1689 1563 arctissime
1713 1511 1793 1562 con·

266 1615 402 1701 iuncta,
440 1612 502 1712 qui
541 1635 610 1686 uon
647 1621 785 1686 tantum
826 1608 1008 1709 scriptores
1045 1619 1173 1684 veteres
1209 1633 1271 1708 par
1309 1617 1416 1683 totam
1452 1608 1558 1683 vitam
1594 1609 1629 1682 in
1664 1608 1796 1683 deliciis

266 1734 407 1820 habuit,
446 1731 508 1808 sed
546 1757 590 1808 ex
629 1732 688 1806 illa
727 1729 909 1830 disciplina
942 1753 1019 1804 enm
1052 1730 1213 1804 hauserat
1247 1730 1451 1816 sanitatem,
1487 1751 1563 1802 enm
1600 1728 1795 1817 solertiam,

265 1854 507 1954 prudentiam,
543 1852 787 1951 scribendique
820 1850 1049 1948 elegantiam,
1085 1860 1125 1923 ut
1153 1873 1231 1924 sere
1261 1871 1520 1924 nrrrccnsrtur
1543 1859 1604 1923 aut
1631 1873 1795 1924 sonans·

266 1998 360 2051 vinu
382 1975 507 2050 referre
532 1973 713 2048 videretur.
767 1971 837 2046 His
863 1971 1004 2045 dotibus
1023 1995 1102 2046 cum
1131 1971 1308 2044 accederet
1328 1971 1451 2069 iugens
1474 1969 1677 2044 eruditionis
1698 1972 1797 2070 copia

266 2105 301 2170 et
332 2095 504 2170 indefessa
534 2094 729 2181 industria,
756 2093 885 2168 lactum
915 2099 968 2166 est
993 2101 1030 2164 ut
1053 2091 1088 2164 in
1116 2090 1284 2166 medicina
1305 2098 1340 2165 et
1367 2090 1522 2166 docenda
1548 2099 1584 2165 et
1607 2093 1796 2168 exercenda

267 2217 467 2316 primarium
499 2217 613 2292 locum
649 2222 844 2314 occuparet.
897 2211 1022 2290 Qualis
1052 2221 1143 2284 esset
1173 2212 1217 2285 ad
1252 2211 1504 2310 aegrotantium
1538 2211 1701 2304 lectulos,
1726 2238 1797 2311 quc

266 2335 472 2413 observandi
496 2336 681 2423 acumine,
707 2359 780 2433 qua
809 2333 1015 2432 sagacitate,
1040 2357 1109 2431 qua
1136 2333 1296 2408 curatione
1321 2343 1357 2407 et
1383 2333 1580 2432 diligentia,
1606 2345 1736 2432 quanta
1761 2337 1797 2410 in

268 2456 431 2531 medendi
450 2455 581 2530 ratione
601 2454 843 2552 simplicitate,
867 2465 999 2550 quauta
1020 2452 1173 2549 denique
1192 2477 1274 2551 arga
1294 2479 1353 2528 ecs
1372 2477 1460 2552 quos
1474 2453 1619 2532 curabat
1631 2456 1798 2554 patientia

267 2585 303 2650 et
322 2576 558 2663 humanitate,
584 2574 763 2648 verissime
792 2573 961 2671 expressit
981 2571 1135 2670 optimus
1159 2572 1277 2658 testis,
1303 2573 1355 2647 cl.
1385 2597 1497 2648 cruos
1524 2597 1692 2666 rncuns,
1717 2601 1798 2652 cum

267 2697 312 2770 ad
347 2693 502 2769 defuncti
535 2693 709 2768 tumulum
748 2692 826 2790 piae
868 2690 1003 2766 animae
1034 2697 1241 2787 pareutaret.
1294 2692 1452 2767 Doctoris
1477 2695 1665 2769 academici
1689 2697 1800 2770 officio

267 2813 441 2912 quomodo
466 2813 609 2886 iunctm
631 2813 697 2900 sit,
735 2818 910 2898 testantur
938 2809 1039 2884 multi
1062 2809 1194 2908 egregii
1220 2810 1399 2910 discipuli,
1424 2813 1555 2912 diuque
1581 2814 1802 2900 testabuntur

268 2933 347 3008 libri
380 2932 466 3007 editi
497 2941 534 3007 at
562 2932 764 3031 scriptiones
791 2929 981 3030 plurimae,
1006 2927 1196 3026 inquibus
1223 2929 1332 3004 sames
1356 2931 1557 3030 discipliuae
1578 2959 1661 3009 suae
1685 2943 1799 3034 parles

270 3052 318 3129 its
352 3053 557 3144 illustravit,
594 3062 635 3126 ut
668 3053 705 3126 in
745 3075 870 3150 magna
906 3073 1020 3123 rernm
1062 3048 1276 3124 abundantia
1311 3051 1442 3150 ubique
1476 3052 1609 3128 eluceat
1640 3055 1798 3132 limatam

254 3160 438 3248 'iudicium
475 3197 554 3248 cum
592 3174 723 3248 siucero
759 3171 911 3248 veritatis
944 3194 1060 3244 amore
1099 3170 1334 3248 coniunctum.
1396 3172 1450 3246 Ex
1483 3172 1644 3249 historico
1679 3186 1795 3253 autem

260 3294 462 3396 ¹medicinae
493 3293 631 3382 studio,
665 3318 735 3394 quo
766 3290 954 3368 admodum
990 3289 1245 3379 delectabatur,
1278 3291 1489 3390 praeclarum
1519 3294 1672 3370 hactum
1706 3300 1797 3398 cepi·

274 3439 370 3502 mus,
407 3413 545 3512 longam
585 3415 779 3490 libellorum
817 3410 958 3500 seriem,
994 3436 1064 3510 qua
1096 3413 1325 3488 institutionis
1362 3414 1514 3492 medicae
1546 3415 1581 3489 in
1611 3418 1801 3494 Academia

271 3542 387 3609 nostra
415 3533 592 3609 historiam
619 3561 680 3634 per
705 3535 846 3635 singula
868 3533 981 3632 capita
1004 3535 1194 3622 enarravit,
1220 3535 1427 3633 ecquidem
1451 3534 1610 3611 ubertate
1637 3545 1672 3612 at
1696 3561 1799 3629 cura,

273 3663 311 3728 ut
338 3653 474 3728 nullum
510 3679 585 3730 esse
613 3656 722 3756 possit
744 3655 868 3730 utilius
891 3653 1088 3728 subsidium
1111 3665 1146 3728 et
1167 3653 1408 3729 adiumentum
1436 3649 1554 3730 fctum
1576 3657 1686 3756 ipsius
1711 3661 1798 3734 Aca·

272 3775 405 3850 demiae
427 3774 608 3864 historico,
634 3775 695 3874 qui
718 3775 964 3875 utaliquando
986 3775 1161 3850 exoriatur
1182 3775 1399 3851 vehementer
1421 3783 1592 3876 optamus.
1644 3777 1796 3871 Videtis,

271 3895 369 3982 AA.,
404 3918 475 3992 quo
504 3896 622 3971 auimo
647 3921 731 3996 erga
761 3896 1007 3982 Academiam,
1041 3903 1094 3970 tot
1121 3895 1187 3968 sibi
1215 3896 1414 3971 nominibus
1439 3896 1669 3987 carissimam,
1695 3900 1799 3976 luerit

274 4037 533 4091 snarueaarus.
573 4017 739 4092 Eiusdem
763 4017 949 4093 voluntatis
973 4039 1100 4091 novum
1128 4017 1373 4092 documentum
1396 4017 1510 4107 dedit,
1535 4042 1615 4094 cum
1636 4020 1798 4098 eximiam

273 4135 500 4232 speciminum
535 4137 1040 4237 pathclcgico-anatcmicorum
1072 4130 1339 4237 supellectilem,
1374 4138 1409 4211 in
1434 4161 1519 4214 usus
1541 4139 1736 4240 privatcsa
1764 4171 1801 4220 se

273 4245 475 4344 collectam,
501 4273 737 4356 praeparatam
767 4269 803 4334 et
834 4259 956 4334 ordine
991 4257 1215 4356 dispositam,
1252 4258 1459 4334 Academiae
1492 4260 1655 4351 donaret,
1681 4263 1801 4341 addito

273 4375 428 4474 catalogo
458 4401 481 4450 a
511 4401 548 4452 se
572 4379 765 4479 conscripto
790 4390 826 4456 et
848 4379 940 4479 typis
963 4401 1144 4478 expresso,
1171 4403 1242 4477 quo
1266 4380 1448 4478 splendido
1470 4405 1612 4457 munere
1634 4383 1799 4461 Musenm

272 4496 519 4573 Anatomicum
553 4499 735 4600 insiguiter
766 4510 907 4578 auctuum
943 4500 1022 4574 luit.
1073 4499 1152 4574 Hoc
1182 4500 1290 4599 igitur
1321 4500 1440 4575 animo
1464 4501 1587 4600 hisque
1614 4503 1801 4580 virtutibus

271 4617 497 4693 Academiam
523 4643 584 4718 per
604 4621 748 4720 triginta
770 4646 878 4697 anuos
904 4620 1047 4696 ornavit.
1099 4621 1174 4692 Nos
1195 4644 1310 4694 senem
1333 4628 1430 4696 tanta
1452 4619 1669 4720 integritate,
1695 4625 1800 4698 comi·

273 4746 363 4826 tate,
402 4739 659 4830 benevolentia,
696 4743 785 4830 fide,
826 4739 1058 4840 diligebamus
1096 4764 1234 4827 omnes,
1273 4738 1443 4840 collegae,
1479 4740 1659 4840 discipuli,
1698 4743 1799 4818 eires.

272 4856 414 4945 Otium,
451 4867 531 4957 post
567 4859 688 4959 longos
721 4861 854 4936 labores
888 4858 1010 4934 aetatis
1045 4881 1151 4933 causa
1176 4858 1208 4936 ei
1238 4883 1458 4950 concessam,
1493 4859 1699 4938 diuturnum
1726 4863 1797 4937 lure

1556 4979 1607 5054 μ
