4962 6178
852 698 1172 767 ·OllhT10.
1750 695 1793 761 lt

266 910 353 984 tutis
388 908 576 1008 parebant,
615 932 681 982 non
723 932 805 982 sone
843 908 1031 983 admodum
1077 907 1248 996 molestis3
1291 906 1395 982 ceteri
1432 930 1510 981 vero
1549 929 1613 980 suo
1649 901 1790 978 arbitrio

267 1029 447 1118 vivebant,
469 1028 575 1102 nullis
597 1028 733 1126 legibus
753 1027 894 1101 obnoxii
914 1028 982 1101 nisi
1003 1053 1092 1127 quae
1116 1051 1236 1102 omnes
1258 1026 1602 1102 cives-communiter
1622 1030 1790 1100 tenerent.

267 1149 317 1222 Ut
336 1159 453 1223 autem
479 1147 687 1244 unicuique,
714 1145 965 1246 cuiuscumque
989 1147 1194 1222 conditionis
1216 1155 1278 1221 aut
1303 1145 1527 1225 confessionis
1549 1153 1659 1233 esset,
1674 1143 1790 1220 aditus

268 1269 312 1343 ad
337 1267 605 1342 Universitatom
634 1273 787 1365 pateret,
822 1262 948 1341 diserte
972 1267 1106 1340 civibus
1132 1266 1335 1340 academicis
1364 1266 1507 1341 remissa
1529 1275 1602 1342 erat
1625 1266 1791 1366 obligatio

268 1386 488 1463 iurisiurandi
521 1385 565 1460 de
599 1386 779 1462 servanda
797 1388 962 1487 religione
990 1387 1034 1462 ab
1065 1385 1257 1461 Ordinibus
1286 1387 1424 1484 publice
1451 1393 1607 1487 recepta;
1632 1387 1789 1485 illudque

267 1507 507 1610 privilegium,
549 1505 722 1604 quidquid
764 1508 1003 1607 obstreperent
1044 1508 1176 1596 clerici,
1220 1514 1416 1581 constanter
1451 1507 1635 1582 Curatores
1675 1515 1789 1582 ratum

267 1627 418 1704 habuere
446 1628 490 1718 ⁰).
549 1613 852 1726 Praetereaque
888 1628 982 1727 apud
1015 1637 1149 1702 exteros
1181 1627 1349 1725 plurimae
1372 1651 1447 1700 esse
1472 1626 1629 1700 solebant
1649 1626 1788 1724 regulae
1874 1697 1880 1710 ,

268 1746 488 1822 scholasticae
511 1754 548 1820 et
570 1749 727 1848 propriae
751 1749 845 1846 leges
872 1748 916 1822 de
942 1749 1011 1822 vita
1037 1774 1076 1822 ac
1101 1749 1255 1823 moribus
1279 1748 1535 1837 studiosorum,
1567 1747 1790 1847 nescioquas

267 1892 335 1942 non
368 1892 423 1942 res
454 1866 583 1964 quihus
613 1894 681 1944 non
711 1868 831 1967 poenis
854 1869 954 1943 anxie
979 1869 1140 1943 iubentes
1165 1875 1227 1942 aut
1250 1876 1405 1942 vetantes
1427 1869 1476 1959 ⁷),
1501 1864 1558 1940 hic
1581 1866 1696 1941 nullae
1719 1865 1803 1939 fere

268 1996 388 2077 erant3
424 2012 535 2086 eoque
570 1988 645 2085 ipso
675 1991 803 2090 optime
831 1992 1034 2078 cavebatur,
1062 2013 1106 2065 ne
1132 1990 1292 2076 iuvenes,
1319 1995 1359 2060 ut
1381 1987 1447 2062 fert
1471 1987 1624 2061 humana
1646 1994 1790 2076 natura,

268 2109 303 2183 in
337 2107 480 2182 vetitum
517 2107 719 2186 niterentur.
772 2112 956 2202 Ceterum,
992 2111 1021 2185 si
1056 2109 1141 2209 quid
1174 2109 1283 2182 levius
1313 2115 1531 2208 peccaretur,
1567 2106 1725 2181 Rectoris
1754 2113 1791 2180 et

268 2232 491 2304 Assessorum
525 2231 709 2328 prudentis
746 2231 872 2307 leniter
906 2233 1116 2333 castigabat,
1156 2231 1186 2305 si
1219 2229 1304 2329 quid
1337 2228 1424 2302 forte
1459 2225 1618 2328 gavina,
1653 2226 1687 2301 in
1718 2227 1790 2302 foro

268 2347 462 2423 academico
482 2373 585 2422 causa
607 2349 784 2446 agebatur.
834 2351 917 2424 Non
936 2361 1027 2424 certe
1049 2360 1101 2426 est
1127 2351 1221 2448 quod
1246 2350 1430 2438 miremur,
1455 2349 1491 2422 in
1516 2356 1614 2422 tanta
1634 2347 1790 2435 lieentia,

268 2466 494 2565 petulantiam
520 2467 703 2542 iuvenilem
728 2468 904 2544 interdum
928 2469 1120 2558 effervisse,
1147 2479 1187 2544 ut
1211 2479 1271 2544 aot
1297 2467 1547 2569 professoribus
1562 2475 1624 2543 aut
1638 2466 1792 2542 honestis

267 2586 402 2661 civibus
432 2585 660 2664 leidensihus
697 2589 828 2690 aliquid
866 2592 1041 2666 molestiae
1057 2673 1061 2682 .
1077 2599 1259 2666 crearetur.
1318 2590 1444 2687 Neque
1483 2595 1598 2664 tamen
1631 2587 1710 2661 ideo
1747 2586 1791 2660 de

267 2705 424 2779 libertate
459 2706 648 2805 quidquam
684 2709 889 2808 derogavere
919 2720 1111 2798 nostrates,
1141 2709 1268 2808 quippe
1299 2708 1427 2806 quibus
1451 2731 1655 2806 persuasum
1681 2713 1792 2795 osset,

266 2849 454 2923 paucorum
481 2824 593 2900 abusu
618 2827 725 2901 nihilo
750 2829 953 2904 deteriorem
978 2830 1052 2902 fieri
1073 2853 1146 2903 rem
1175 2851 1279 2902 unam
1308 2819 1677 2924 omnium⁶optimam,
1701 2811 1792 2924 quae'

266 2942 334 3017 nisi
363 2943 496 3018 illibata
528 2955 730 3037 servaretur,
765 2947 886 3024 florere
913 2947 1102 3023 Academia
1127 2946 1224 3021 nullo
1246 2954 1347 3046 pacto
1373 2953 1499 3044 posset.
1549 2947 1629 3019 Non
1653 2953 1790 3020 tantum

267 3069 383 3136 autem
406 3062 441 3136 in
463 3063 532 3140 vita
553 3065 643 3140 civili
669 3068 752 3142 haec
777 3069 941 3144 iuvenum
967 3067 1108 3142 libertas
1129 3065 1359 3164 spectabatur,
1385 3064 1446 3138 sed
1471 3063 1576 3138 etiam
1595 3064 1632 3137 in
1659 3066 1790 3140 studio·

267 3207 344 3256 rum
381 3206 484 3256 cursu
521 3210 560 3259 ac
595 3187 735 3264 ratione.
790 3189 888 3266 Quid
925 3188 1054 3262 discere
1088 3186 1233 3275 vellent,
1266 3194 1328 3260 aut
1355 3182 1545 3283 quamdiu,
1570 3191 1631 3258 aut
1654 3209 1675 3258 a
1701 3209 1790 3282 quo,

269 3302 375 3377 libera
397 3304 523 3402 cuique
548 3307 650 3404 optio.
692 3311 736 3382 In
762 3333 875 3384 rerum
902 3306 1188 3384 addiscendarum
1215 3305 1313 3403 mpla
1338 3329 1443 3404 quem
1467 3303 1622 3380 ordinem
1644 3327 1791 3402 quamve

267 3447 423 3498 normam
461 3427 559 3524 sequi
593 3425 761 3525 placeret,
799 3429 866 3528 ipsi
900 3428 1072 3502 videbant.
1131 3429 1267 3500 Certum
1307 3451 1347 3500 aa
1385 3425 1561 3501 delinitam
1596 3424 1789 3500 studiorum

268 3545 377 3632 viam,
410 3545 572 3620 omnihus
602 3547 730 3647 pariter
753 3538 973 3637 calcandam,
999 3547 1094 3622 nulla
1119 3547 1173 3620 lex
1197 3545 1473 3645 praescripserat.
1522 3543 1692 3619 Examina
1713 3569 1790 3619 rara

268 3671 303 3737 et
337 3664 531 3758 lenissima,
568 3671 654 3746 dicis
689 3695 793 3745 causa
829 3670 1034 3769 plerumque
1066 3667 1237 3741 instituta.
1288 3664 1506 3739 Horrendam
1541 3688 1622 3739 sane
1653 3671 1789 3737 ramat

268 3788 320 3862 vel
346 3785 423 3887 ipso
447 3791 586 3866 nomina
611 3791 764 3866 odiosam
789 3790 908 3865 multis
931 3796 1070 3862 'nostrae
1095 3786 1218 3861 aetatis
1241 3785 1460 3872 hominibus,
1486 3807 1635 3881 quorum
1660 3780 1788 3856 iudicio

268 3909 303 3984 in
339 3911 493 4008 legitima
530 3911 714 3986 lectionum
750 3910 1026 4010 frequentatione
1057 3914 1092 3981 et
1125 3906 1325 3980 examinum
1361 3902 1539 3978 severitate
1571 3902 1683 4000 posita
1705 3909 1788 3977 suut

268 4031 402 4106 omnial
437 4031 550 4110 Quasi
582 4056 660 4106 vero
689 4032 724 4105 in
759 4031 905 4131 pristina
936 4029 994 4104 illa
1028 4027 1165 4102 licentia
1193 4026 1369 4125 pauciores
1392 4049 1434 4097 ex
1459 4021 1647 4098 Academia
1668 4045 1787 4120 prove·

268 4152 381 4226 nerint
409 4151 540 4253 egregii
566 4153 718 4243 alumni,
753 4153 862 4227 solida
888 4149 1042 4224 doctrina
1068 4149 1193 4223 eruditi
1219 4146 1450 4244 omnibusque
1473 4142 1606 4218 artibus
1628 4141 1787 4217 instructi

269 4271 397 4370 quihus
420 4273 549 4372 patriae
571 4255 785 4366 inservirent
835 4275 889 4348 De
912 4275 988 4373 ipsa
1012 4270 1232 4371 quaestione,
1258 4268 1343 4366 qnid
1364 4267 1399 4341 in
1428 4262 1564 4364 leg'hus
1585 4262 1787 4337 academicis

269 4391 418 4466 maxime
455 4391 500 4464 sit
536 4393 874 4482 commendandum,
910 4418 980 4468 non
1022 4393 1126 4467 huius
1162 4390 1226 4465 loci
1266 4395 1320 4462 est
1357 4385 1543 4484 disputare.
1606 4382 1787 4456 Monuisse

269 4510 433 4600 sufficiat,
459 4511 538 4612 plus
556 4512 638 4588 olim
663 4512 733 4587 illis
750 4514 1026 4590 adolescentibus
1044 4535 1244 4589 concessum
1265 4509 1394 4595 fuisse,
1419 4529 1522 4604 quam
1549 4525 1643 4576 nunc
1661 4501 1787 4576 nostris

268 4629 382 4731 datur,
418 4655 506 4730 quos
540 4631 594 4705 lex
632 4633 696 4706 hac
726 4633 859 4707 untia
890 4659 927 4708 re
957 4635 1062 4708 nimis
1085 4631 1268 4732 imperiosa
1289 4629 1324 4703 in
1347 4623 1567 4728 praefinitum
1591 4621 1784 4696 studiorum

267 4773 405 4825 cursum
443 4751 568 4826 invitos
606 4752 810 4851 plerumque
844 4753 1027 4854 compellit.
1088 4752 1230 4826 Utinam
1271 4771 1379 4824 novae
1417 4745 1522 4843 legis,
1559 4738 1665 4840 quani
1701 4762 1785 4814 mox

268 4867 411 4946 feliciter
439 4879 618 4970 acceptum
650 4872 693 4945 iri
722 4895 918 4971 speramus,
943 4897 984 4948 aa
1010 4872 1055 4946 sit
1069 4871 1221 4957 lenitas,
1248 4874 1286 4944 ot
1309 4866 1507 4964 importuna
1531 4855 1786 5053 istagdiscenti·
