4962 6178
671 579 711 642 16
1266 579 1305 642 ld.
1342 576 1404 642 un
1440 579 1602 644 varus

666 795 804 860 tantum
839 808 901 884 per
937 784 1001 858 tria
1039 785 1174 858 saecule
1206 785 1424 884 incorruptae
1455 786 1623 860 libertatis
1654 785 1865 860 domicilium
1900 797 1935 861 et
1969 787 2193 865 seminarium

667 906 753 994 luit,
786 904 995 1003 reipublicae
1027 905 1133 978 decus
1163 912 1198 979 et
1223 906 1503 996 firmamentum,
1538 907 1600 980 sed
1623 905 1810 982 clarissima
1833 931 1974 1006 quoqne
1997 919 2193 986 exterorum

668 1025 802 1099 lumina
846 1024 881 1098 in
933 1023 1156 1099 Hollandiam
1202 1036 1355 1103 nostram
1396 1027 1593 1116 transtulit,
1637 1037 1678 1101 ut
1720 1027 1870 1102 nominis
1905 1029 2028 1104 Batavi
2063 1029 2192 1105 lamam

668 1169 757 1219 novo
793 1144 974 1243 splendore
1010 1144 1235 1222 illustrarent.
1286 1149 1350 1222 Est
1383 1147 1535 1247 prolecto
1566 1147 1661 1246 qnod
1691 1148 1877 1237 laetemur,
1906 1143 2079 1248 insignem
2104 1150 2193 1226 hanc

667 1265 876 1340 Academiae
913 1265 1108 1339 libertatem
1140 1266 1184 1340 ad
1220 1277 1337 1342 nostra
1374 1292 1484 1366 usque
1518 1276 1672 1367 tempora
1704 1268 1870 1344 floruisse.
1923 1270 1989 1343 Par
2022 1278 2192 1346 trecentos

668 1385 760 1460 anim
795 1409 904 1461 annos
935 1384 1006 1459 lere
1040 1385 1202 1461 inviolata
1236 1387 1352 1477 stetit,
1389 1413 1452 1462 nec
1482 1387 1549 1464 luit
1582 1389 1774 1487 interrupta
1803 1388 1870 1462 uiri
1894 1413 1956 1488 per
1980 1391 2192 1480 triennium,

668 1528 747 1578 cum
784 1504 996 1580 Neerlandia
1029 1515 1165 1596 nostra,
1200 1507 1420 1582 atrocissimis
1452 1508 1707 1583 calamitatibus
1734 1509 1880 1600 afflicta,
1906 1509 2052 1584 violenta
2078 1533 2192 1584 naro-

668 1648 817 1700 nnounrs
840 1625 1074 1700 dominatione
1094 1651 1257 1725 oppressa
1279 1628 1414 1702 iaceret.
1447 1629 1526 1702 Mor
1550 1652 1627 1702 vero
1647 1628 1758 1728 patria
1781 1629 1815 1702 in
1839 1629 2013 1729 integrum
2033 1632 2192 1703 restituta

668 1771 708 1820 ac
735 1747 800 1820 snb
826 1748 924 1846 Rege
950 1773 969 1820 e
992 1755 1097 1846 gente
1124 1748 1311 1822 Arausiaoa
1335 1748 1478 1822 feliciter
1504 1759 1684 1838 renovata,
1718 1773 1803 1824 suus
1825 1750 1929 1825 etiem
1959 1749 2117 1826 redditus
2139 1758 2193 1824 est

669 1865 793 1938 Almaa
817 1865 919 1939 Matri
941 1865 1060 1939 honos.
1112 1865 1297 1940 Decretum
1326 1867 1460 1966 regium
1487 1869 1569 1942 anni
1595 1870 1687 1944 1815
1709 1893 1764 1942 res
1790 1870 2003 1945 academicae
2025 1870 2070 1944 ad
2088 1869 2192 1944 buius

668 1984 743 2058 aevi
765 2009 931 2060 ¹normam
966 1979 1183 2061 reformarit:
1218 1987 1267 2060 ita
1300 1987 1439 2086 quidem
1475 1998 1515 2061 ut
1544 2013 1720 2064 summum
1746 1989 1900 2088 regimen
1928 2014 2033 2089 penes
2059 1989 2190 2088 Regem

668 2115 777 2192 esset,
815 2130 878 2180 nec
912 2106 1141 2180 curatoribus
1174 2107 1293 2181 eadem
1326 2115 1479 2206 potestas
1513 2119 1685 2196 maneret,
1712 2133 1801 2207 quaa
1827 2119 1928 2186 antea
1954 2109 2088 2198 luerat3
2115 2135 2191 2208 pro·

668 2225 836 2300 sessorum
872 2235 988 2300 autam
1022 2226 1097 2302 iura
1133 2236 1167 2300 et
1200 2227 1311 2300 officia
1341 2228 1535 2302 accuratius
1567 2229 1810 2319 definirentur3
1843 2239 1879 2304 at
1904 2255 1944 2304 ea
1968 2240 2083 2304 tamen
2111 2254 2191 2328 pru·

668 2345 805 2434 dantia,
843 2354 883 2420 ut
915 2347 1009 2420 iusta
1046 2346 1188 2421 libertas
1221 2346 1306 2420 nibil
1341 2347 1469 2445 ceperit
1503 2348 1711 2423 detrimenti.
1775 2351 1858 2428 Quo
1894 2348 2024 2424 butum
2065 2359 2118 2426 est
2153 2357 2192 2424 ut

668 2467 811 2556 eadem,
846 2491 936 2563 quae
970 2468 1053 2541 olim
1083 2468 1119 2540 in
1153 2468 1341 2541 Academia
1362 2468 1519 2565 vigebat,
1553 2469 1639 2543 iuris
1661 2469 1907 2567 aequabilitate
1930 2495 1993 2544 nos
2020 2471 2123 2545 etiam
2147 2471 2193 2546 ad

668 2588 762 2662 hunc
783 2612 896 2686 usque
925 2589 1016 2661 diem
1044 2588 1269 2686 gaudeamus.
1321 2588 1417 2665 erin
1443 2587 1547 2662 etiam
1571 2633 1619 2644 —
1642 2614 1871 2687 agnoscamus
1890 2591 1981 2664 enim
1995 2635 2040 2650 -
2059 2591 2192 2666 meliori

666 2708 786 2807 procul
819 2706 926 2781 dubio
961 2731 1023 2780 nos
1059 2708 1193 2781 utimur
1217 2707 1433 2797 conditione,
1469 2709 1599 2806 quippe
1623 2710 1753 2807 quibus
1776 2711 1820 2784 ab
1845 2711 2048 2809 impotentia
2070 2710 2189 2794 lactio-¹

666 2852 752 2902 num
785 2827 821 2901 in
855 2827 1035 2924 republica
1067 2836 1103 2900 et
1139 2827 1280 2899 ecclesia
1305 2825 1493 2899 identidem
1523 2828 1765 2916 saevientium,
1792 2855 1939 2928 quarum
1969 2830 2035 2904 vim
2063 2841 2192 2905 veteres

666 2948 716 3023 illi
751 2947 960 3045 professores
986 2955 1057 3019 tam
1089 2971 1189 3043 saepe
1220 2969 1346 3043 magno
1377 2969 1456 3018 cum
1482 2945 1610 3019 damno
1632 2949 1763 3045 experti
1787 2958 1891 3035 sunt,
1926 2950 1962 3022 in
1990 2949 2053 3022 hac
2077 2958 2192 3023 nostra

666 3069 783 3165 legum
819 3065 1028 3164 praestantia
1066 3065 1152 3139 nihil
1187 3065 1232 3137 sit
1266 3066 1512 3155 metuendum,
1550 3068 1736 3164 quominus
1770 3092 1869 3141 suam
1906 3067 2054 3166 quisque
2083 3076 2189 3142 artem

669 3186 780 3261 liberi*
793 3211 832 3261 ac
858 3186 971 3261 securi
995 3189 1227 3286 profiteamur.
1756 3287 1758 3295 y

714 3309 815 3386 Quae
851 3307 1032 3406 hucusque
1065 3308 1228 3407 exposui,
1271 3309 1470 3382 docentium
1512 3310 1694 3406 praecipue
1725 3309 1801 3382 iura
1834 3317 1869 3382 et
1902 3315 2033 3384 etatum
2061 3293 2202 3407 specta-⁶

666 3427 767 3503 bant:
805 3436 910 3502 restat
945 3437 984 3501 ut
1019 3429 1062 3502 de
1096 3428 1311 3502 discentibus
1351 3429 1539 3503 videamus.
1590 3431 1708 3528 Atque
1736 3429 1829 3504 hand
1855 3428 1925 3502 scio
1948 3454 1991 3504 an
2018 3450 2189 3525 nusquam

667 3548 750 3623 alibi
773 3557 940 3622 terrarum
964 3557 1032 3621 tam
1061 3549 1163 3646 plena
1186 3558 1222 3620 et
1249 3549 1408 3622 absoluta
1435 3549 1597 3646 cuiquam
1624 3549 1728 3623 fuerit
1748 3550 1906 3636 libertas,
1931 3573 2035 3647 quarn
2058 3570 2192 3645 semper

667 3669 735 3743 luit
767 3669 976 3744 Academiae
1001 3668 1345 3767 Lugdnno-Batavae
1372 3669 1546 3743 studiosis.
1598 3670 1699 3747 Quae
1725 3679 1764 3743 ut
1793 3668 1895 3743 hodie
1919 3693 2047 3767 magna
2072 3668 2191 3764 utique

667 3798 740 3877 est,
774 3789 824 3863 ita
855 3814 875 3862 a
903 3788 1071 3887 principio
1098 3789 1247 3862 maxima
1274 3789 1342 3861 luit
1368 3813 1407 3862 ac
1434 3813 1542 3885 paene
1567 3789 1714 3863 infinita.
1765 3789 1873 3864 Recte
1897 3789 1989 3862 enim
2021 3787 2190 3886 intelliga-

668 3908 753 3984 bant
786 3908 954 3996 maiores,
992 3933 1061 4006 qua
1094 3917 1193 3982 erant
1229 3908 1417 4007 sapientia,
1455 3908 1629 3983 iuventuti
1663 3909 1799 3985 nullum
1836 3933 1911 3984 esse
1946 3908 2109 3982 annonem
2147 3905 2192 3980 ad

668 4030 840 4127 praeclara
870 4052 1030 4126 quaeque
1062 4027 1261 4116 stimulum,
1296 4053 1401 4125 quam
1432 4036 1471 4101 ut
1497 4029 1552 4102 sui
1573 4053 1648 4103 esse
1668 4039 1704 4103 et
1726 4053 1789 4102 suo
1816 4029 1929 4102 Marte
1952 4051 2054 4125 agera
2081 4026 2191 4100 disce·

667 4145 754 4221 rent.
803 4149 988 4221 Austeram
1022 4148 1130 4245 igitur
1160 4148 1374 4246 disciplinam
1410 4149 1671 4246 relinquendam
1697 4173 1771 4223 essa
1799 4146 1990 4222 seminariis
2015 4146 2192 4220 Romano·

668 4267 873 4353 Catholicis,
899 4268 934 4339 in
960 4267 1088 4365 quibus
1111 4268 1241 4342 addicti
1264 4269 1425 4342 ecclesiae
1452 4268 1575 4342 famuli
1597 4269 1883 4357 informarentur;
1908 4289 2092 4367 generosos
2114 4288 2192 4338 vero

667 4389 919 4475 adolescentes,
945 4388 1088 4461 liberam
1110 4389 1357 4486 rempublicam
1384 4389 1572 4487 aliquando
1596 4389 1846 4476 vindicaturos,
1871 4387 1907 4461 in
1928 4388 2003 4485 ipsa
2022 4385 2191 4460 libertatis

667 4510 743 4583 luce
778 4507 913 4581 institui
941 4517 1106 4605 oportere.
1159 4511 1379 4607 Quapropter
1413 4509 1578 4582 studiosis
1611 4509 1645 4580 in
1674 4507 1837 4580 omnibus
1863 4506 1934 4580 lere
1960 4505 2064 4579 rebus
2087 4506 2191 4578 licen·

665 4630 749 4704 tiam
783 4636 1025 4702 concesserunt
1055 4651 1117 4724 pro
1152 4627 1211 4700 illo
1248 4639 1400 4726 tempore
1437 4651 1576 4726 prorsus
1615 4627 1836 4724 singularem.
1887 4625 1995 4699 Pauci
2028 4624 2192 4722 quidem,

667 4750 727 4848 qui
758 4747 913 4846 Collegio
942 4747 1149 4847 Theologico
1179 4748 1342 4846 adscripti
1377 4746 1527 4845 publicis
1560 4745 1734 4820 sumtibus
1759 4744 1958 4832 alebantur,
1989 4743 2092 4816 certis
2123 4753 2191 4817 sta-
