4962 6178
672 687 714 750 14
1266 685 1308 748 ll.
1344 687 1406 750 DE
1438 687 1602 752 vanis

671 893 778 968 tbodo
809 893 845 966 in
879 893 1043 966 iuvenum
1071 890 1196 965 animis
1232 889 1400 966 libertatis
1431 913 1571 966 sermm
1598 892 1687 968 alere
1710 908 1815 996 atque
1841 900 2007 987 excitare,
2034 921 2135 996 porro
2157 899 2193 974 iu

671 1012 847 1088 tradendis
873 1011 1063 1111 disciplinis
1084 1010 1253 1087 libertatis
1278 1037 1419 1088 oausam
1444 1021 1583 1089 strenue
1609 1017 1797 1106 sustinere,
1823 1026 1995 1117 postremo
2018 1019 2062 1094 sd
2087 1043 2193 1120 agen·

670 1133 755 1208 dum
802 1133 904 1208 etism
941 1133 1119 1208 stimulare
1157 1145 1211 1222 et,
1253 1134 1313 1208 ubi
1349 1144 1544 1233 temporum
1582 1135 1673 1210 adsit
1704 1139 1907 1226 necessitas,
1943 1138 2194 1238 periclitantem

668 1253 798 1352 patriae
820 1253 1013 1329 libertatem
1038 1252 1183 1327 honesto
1205 1254 1392 1329 certamine
1413 1255 1514 1330 tueri.
1564 1256 1608 1328 In
1629 1256 1722 1332 hisee
1743 1265 1859 1330 autem
1878 1257 2043 1334 omnibus
2059 1261 2194 1336 Acada-

668 1376 737 1449 mia
769 1373 951 1450 Leidensis
980 1398 1053 1448 rem
1081 1374 1252 1472 praeclare
1273 1375 1345 1474 egit
1367 1385 1403 1450 et
1427 1377 1646 1452 nuncetiam
1669 1401 1771 1476 agere
1797 1377 1921 1476 pergit.
1972 1380 2025 1453 De
2046 1380 2194 1480 singulis

668 1494 815 1568 breviter
843 1495 1042 1582 uideamus,
1074 1493 1212 1568 brevius
1241 1496 1383 1591 quidem
1406 1521 1469 1594 pro
1494 1497 1545 1570 rei
1568 1495 1746 1586 ubertate,
1771 1501 1820 1572 ita
1843 1507 1958 1574 tamen
1987 1507 2025 1572 ut
2046 1501 2203 1586 sufficiat,

666 1615 904 1722 auditoribus,
937 1615 1065 1714 quibus
1098 1624 1304 1714 argumenta
1333 1639 1402 1689 non
1432 1617 1633 1714 explicanda
1655 1626 1756 1708 sunt,
1785 1619 1847 1692 sed
1875 1620 2089 1696 ostendenda
2114 1630 2190 1698 lan·

654 1743 746 1818 ,tum
770 1761 810 1810 aa
835 1735 941 1810 ueluti
966 1735 1001 1808 in
1029 1735 1229 1808 memoriam
1255 1735 1454 1810 revocanda.

714 1856 832 1930 Primo
852 1855 927 1930 loco
949 1855 1021 1931 diri
1041 1855 1201 1929 instituta
1222 1854 1417 1932 academica
1442 1853 1602 1952 vitaeque
1627 1852 1841 1928 academicae
1864 1855 2045 1932 rationem.
2089 1861 2191 1938 Ome

666 1986 836 2075 qnantum
871 1977 1003 2050 efficere
1034 1975 1167 2074 possint
1198 1983 1237 2047 ut
1262 1984 1298 2048 et
1325 1975 1488 2048 docentes
1517 1985 1628 2048 artem
1656 1997 1755 2048 suam
1776 1973 1882 2048 libere
1906 1977 2133 2074 profiteantur
2155 1989 2192 2056 at

665 2097 837 2172 discentes
868 2106 1002 2171 mature
1032 2095 1183 2170 libertati
1207 2097 1416 2182 assuefiant,
1455 2117 1558 2168 nemo
1585 2101 1638 2168 est
1665 2093 1749 2193 quin
1776 2095 1899 2170 videat.
1951 2097 2049 2172 Haec
2072 2107 2190 2176 autem

665 2218 702 2292 in
736 2227 853 2291 nostra
885 2215 1075 2292 Academia
1101 2242 1122 2290 a
1146 2213 1342 2313 primordiis
1376 2214 1458 2288 inde
1483 2213 1564 2290 talia
1588 2215 1749 2303 suerunt,
1785 2225 1825 2289 ut
1848 2216 1978 2316 ubique
2001 2219 2190 2318 ingenuam

665 2336 785 2439 populi
815 2337 924 2411 nostri
955 2336 1104 2410 indolem
1139 2335 1315 2408 referrent.
1368 2333 1497 2407 Omnia
1529 2334 1584 2408 bic
1620 2335 1665 2410 ab
1702 2359 1743 2410 aa
1770 2333 1906 2434 imperii
1934 2336 2064 2428 lorma,
2101 2363 2190 2438 quae

662 2456 828 2546 Iovanii,
849 2455 980 2543 Duaci,
1005 2455 1165 2543 Parisiis,
1189 2454 1271 2529 alibi
1293 2454 1452 2542 valebat,
1479 2453 1732 2544 diversissima3
1757 2455 1893 2546 omnia,
1918 2481 1987 2532 non
2007 2459 2053 2534 ad
2071 2460 2189 2559 regni,

665 2579 727 2654 sed
763 2577 807 2652 ad
839 2575 1048 2674 reipublicae
1079 2599 1235 2650 normam
1268 2573 1479 2674 compositu
1517 2573 1634 2649 omnia
1672 2575 1867 2652 libertatem
1909 2578 2085 2677 spirantia.
2133 2579 2190 2656 Sic

661 2721 787 2795 nempe
811 2695 979 2770 maiorum
1006 2694 1147 2791 provida
1170 2719 1254 2768 cura
1278 2695 1439 2769 consulto
1462 2694 1692 2770 ordinaverat.
1741 2696 1821 2770 Non
1843 2696 1936 2772 enim
1959 2700 2190 2776 condiderunt

661 2817 812 2894 scholam
838 2839 951 2914 usque
977 2814 1140 2914 collegia,
1166 2839 1280 2912 neque
1304 2814 1404 2888 aliud
1433 2814 1678 2913 quodcumque
1700 2815 1941 2892 scholasticum
1965 2819 2188 2909 institutum,

662 2939 722 3014 sed
749 2935 1003 3034 Academiam,
1029 2933 1101 3007 sive
1128 2934 1245 3033 potius
1269 2933 1551 3010 Universiratem.
1601 2936 1727 3033 Neque
1752 2937 2019 3014 Universitatam
2046 2965 2087 3015 eo
2112 2949 2187 3016 tan·

659 3067 736 3134 tum
757 3080 881 3144 sensu,
906 3054 967 3152 qui
991 3051 1094 3126 hodie
1115 3053 1186 3128 fero
1209 3054 1361 3142 obtinet,
1389 3060 1427 3128 ut
1454 3054 1628 3130 universas
1649 3055 1847 3155 disciplinas
1867 3059 1913 3134 sd
1933 3060 2186 3136 humanitatem

661 3176 872 3278 pertinentes
901 3173 1203 3272 complecteretur,
1229 3175 1291 3248 sed
1322 3173 1588 3250 Universitstem
1618 3199 1722 3251 sensu
1749 3178 1894 3278 antiquo
1920 3187 1956 3254 et
1979 3181 2092 3280 magis
2120 3181 2187 3256 La·

662 3298 754 3384 tino,
790 3303 830 3370 ut
865 3301 956 3368 esset
992 3319 1116 3393 corpus
1142 3294 1259 3393 legum
1285 3304 1320 3368 et
1346 3295 1611 3393 magistratuum
1636 3295 1692 3370 ius
1719 3297 1871 3389 babens,
1897 3325 1961 3374 sna
1986 3299 2103 3400 ipsum
2126 3327 2187 3378 na·

660 3426 739 3494 tura
775 3415 945 3504 liberum,
982 3439 1046 3489 neo
1078 3439 1216 3489 summo
1250 3412 1436 3512 imperanti
1469 3413 1580 3512 magis
1604 3413 1793 3490 obnoxium
1817 3441 1922 3514 quem
1950 3443 2011 3517 per
2031 3445 2186 3496 mmmd-

657 3561 720 3616 nes
743 3536 873 3635 patriae
895 3537 988 3633 leges
1010 3535 1130 3633 utique
1150 3535 1383 3610 necessarium
1408 3544 1509 3610 esset.
1561 3535 1656 3610 Huic
1675 3543 1792 3610 eutem
1816 3537 2060 3629 Universitati,
2086 3540 2187 3616 cuius

662 3659 760 3759 nipsa
783 3656 899 3755 opinio
932 3663 968 3730 et
999 3679 1123 3730 nomen
1158 3654 1352 3729 habebatur
1379 3655 1627 3730 documentum
1660 3656 1829 3732 libertatis
1850 3668 1886 3733 et
1908 3659 1994 3734 iuris
2017 3661 2093 3752 ⁸),''
2116 3686 2185 3736 non

658 3779 895 3879 praefecerunt
929 3775 1291 3851 aCanoellarium
1318 3776 1492 3873 aliquem,
1526 3777 1727 3852 Pontifioias
1752 3777 1997 3854 dominationis
2017 3805 2124 3880 opus,
2148 3780 2185 3856 in

659 3897 779 3974 multis
814 3895 1005 3970 Reformati
1036 3895 1186 3970 nominis
1227 3894 1509 3969 universitatibus
1544 3897 1763 3986 retentam,’'
1797 3921 1862 3972 neo
1887 3898 2115 3990 Iudicem,
2145 3909 2186 3976 ut

658 4020 693 4094 in
725 4016 911 4092 Germania
943 4015 1018 4090 fieri
1049 4014 1246 4104 consuevit,
1286 4040 1390 4112 quem
1431 4015 1532 4090 vieini
1562 4016 1670 4090 nostri
1702 4017 1855 4093 ridentes
1882 4019 2059 4095 nMinistri
2082 4021 2185 4120 Regii

658 4140 822 4216 oculum''
856 4137 1026 4236 appellare
1060 4136 1191 4225 solent;
1227 4160 1291 4210 nee
1325 4136 1483 4210 odiosum
1521 4135 1862 4235 Inspectorem,
1896 4148 1936 4214 ut
1966 4139 2003 4213 in
2037 4141 2184 4218 Francia

658 4258 763 4336 moris
797 4265 871 4347 est,
909 4256 968 4332 sed
1005 4255 1243 4354 praefecerunt
1278 4255 1552 4344 Curatores,
1592 4279 1740 4332 unomen
1772 4260 1914 4360 plenum
1946 4267 1983 4334 et
2011 4259 2117 4354 mite,
2148 4269 2184 4338 at

659 4382 808 4454 Balenae
826 4377 934 4451 indoli
952 4375 1285 4450 accommodatum.''
1324 4375 1439 4451 Verba
1465 4376 1549 4452 haec
1574 4385 1656 4450 sunt
1678 4401 1827 4469 aonrrr,
1852 4379 1895 4456 V.
1924 4379 1998 4469 GL,
2024 4380 2086 4480 qui
2116 4383 2182 4458 rdc

658 4499 861 4574 liberalitate
878 4496 1046 4570 maiorum
1066 4507 1279 4586 nostrorum,
1304 4496 1489 4571 academiis
1511 4495 1735 4574 instituendis
1757 4498 1996 4600 augendisque
2018 4501 2179 4601 cognita'’

657 4617 794 4719 egregie
826 4617 985 4716 exposuit
1008 4617 1052 4710 ⁴¹).
1102 4617 1255 4691 Pauoula
1288 4616 1414 4691 addere
1440 4616 1554 4706 iuvat,
1586 4617 1716 4716 quibus
1738 4617 1781 4694 V.
1810 4620 1862 4696 Gl.
1889 4620 1954 4696 boc
1975 4621 2112 4720 ipsam,
2141 4630 2180 4697 ut

658 4737 882 4814 Universitati
906 4744 1077 4837 praeesset
1104 4737 1312 4812 (iuratorum
1338 4737 1545 4836 collegium,
1571 4737 1693 4814 merito
1714 4739 1932 4838 praedicavit
1976 4742 2106 4820 aQuod
2126 4743 2179 4818 in·

659 4859 861 4947 stitutam'’,
893 4857 1027 4956 inquit,
1063 4857 1154 4932 radici
1181 4883 1249 4934 non
1277 4866 1391 4958 potest
1417 4881 1523 4957 quam
1545 4865 1582 4934 et
1603 4859 1649 4932 ad
1674 4859 1876 4948 servandas,
1902 4861 2004 4936 et'ad
2030 4861 2180 4962 ampliti-
