4962 6178
909 698 1187 768 ORATIO.
1769 703 1809 767 15

285 911 415 989 oandas
435 917 571 986 nostras
593 908 807 996 academias,
832 907 936 984 luerit
957 909 1051 983 omni
1074 919 1227 1008 ternpore
1248 909 1500 987 bmefieum.”.
1516 961 1547 981 ..
1574 909 1811 984 rOreabantur

288 1034 428 1134 quidem
470 1032 655 1106 Curatores
683 1055 705 1103 a
745 1051 882 1102 summo
915 1030 1123 1129 imperante,
1156 1030 1192 1102 id
1220 1038 1274 1102 est
1298 1027 1342 1103 ab
1366 1028 1558 1102 Ordinibus
1583 1029 1810 1104 Hollandiae:

286 1163 441 1231 adaman
477 1151 619 1227 minima
658 1157 756 1224 erant
790 1147 826 1222 in
862 1173 969 1224 mann
1001 1151 1186 1225 Ordinum.
1237 1149 1599 1251 Libertatiseorum,
1638 1175 1707 1248 qna
1742 1174 1811 1224 non

288 1275 391 1350 modo
415 1273 644 1372 professorum
667 1269 964 1368 importunitatem
989 1271 1179 1358 moderari,
1200 1271 1364 1344 iuvenum
1383 1260 1556 1373 inediam
1578 1294 1811 1367 compescere,

286 1397 368 1471 cleri
393 1389 591 1468 Hollandici
615 1391 845 1488 arrogantiam
870 1393 905 1464 in
927 1391 1082 1465 ordinem
1108 1415 1250 1490 cogere,
1284 1389 1345 1464 sed
1370 1390 1474 1463 etiam
1497 1391 1581 1488 ipsis
1604 1391 1812 1481 Ordinibus,

213 1496 217 1503 ¹
286 1539 365 1591 cum
401 1513 438 1586 id
472 1535 514 1586 cx
544 1535 582 1585 re
614 1510 858 1586 Universitatis
892 1536 970 1586 esse
998 1512 1189 1600 videretur,
1214 1512 1371 1585 resistere
1400 1510 1661 1600 sustinerunt,
1688 1512 1813 1586 eximia

286 1657 443 1733 quaeque
471 1641 608 1706 exstant
635 1633 672 1704 in
694 1631 878 1705 Leidensis
903 1633 1111 1706 Academiae
1135 1633 1318 1708 annalibus
1341 1630 1575 1705 testimonia.’'

331 1753 386 1826 En
414 1752 522 1852 igitur
545 1750 771 1825 Academiam
801 1749 918 1824 statim
941 1751 985 1824 ab
1012 1751 1112 1824 initio
1132 1751 1181 1825 ita
1206 1752 1378 1848 sapienter
1402 1750 1713 1865 constitutam,put
1737 1753 1813 1850 ipsa

283 1870 390 1946 libera
423 1871 616 1944 libertatern
658 1866 835 1969 publicam
871 1869 961 1942 alere
992 1894 1032 1943 ac
1069 1871 1270 1943 confirmare
1308 1880 1434 1968 posset.
1498 1870 1570 1944 Suo
1606 1882 1696 1952 enat
1738 1873 1813 1945 iure

266 1990 384 2098 ‘plene
407 1993 569 2065 utebatur
592 1991 657 2064 sub
685 1989 848 2088 prudenti
875 1990 1081 2063 Curatorum
1107 1991 1362 2078 moderamine,
1389 1991 1449 2089 qni
1476 2016 1551 2065 eam
1576 1993 1680 2065 noni
1721 1993 1814 2092 perio

284 2111 470 2209 regebant,
506 2111 809 2185 sedanctoritate
843 2110 960 2208 potius
995 2120 1030 2183 et
1064 2111 1157 2209 vigili
1180 2137 1264 2185 cura
1291 2111 1524 2185 defendebant
1548 2137 1587 2186 ac
1614 2113 1697 2186 tneb
1733 2123 1811 2187 rtur.

284 2232 390 2306 Porro
424 2232 592 2306 libertatis
626 2231 843 2306 academicae
868 2241 983 2305 custos
1009 2255 1048 2304 ac
1071 2231 1193 2305 vindex
1217 2232 1345 2304 Rector
1365 2233 1588 2330 Magnificus,
1614 2259 1657 2307 err
1685 2233 1813 2332 proles·

285 2377 401 2428 sorum
427 2378 572 2426 numero
600 2361 746 2425 creatae.
798 2353 920 2425 Rebus
949 2362 1066 2424 autern
1093 2351 1336 2426 Universitatis
1363 2353 1560 2426 domesticis
1585 2354 1814 2452 prospiciebat

286 2473 436 2546 Senatus
471 2471 721 2557 Academicus,
757 2472 910 2567 ipsorum
943 2471 1138 2544 docentium
1166 2471 1367 2570 collegium,
1394 2498 1541 2571 qnorum
1569 2475 1613 2548 de
1637 2474 1814 2548 communi

285 2594 455 2666 sententia
496 2591 658 2665 Rectoris
700 2587 867 2687 auspiciis
909 2588 1159 2661 decernebatur
1193 2590 1365 2685 quidquid
1403 2592 1611 2688 reipublicae
1647 2593 1814 2666 literarise

285 2711 369 2785 ntile
391 2735 466 2785 esse
488 2711 672 2783 uideretur.
723 2709 888 2782 Ceterum
916 2708 1022 2782 libera
1046 2706 1172 2806 agendi
1194 2716 1229 2780 et
1251 2706 1395 2782 docendi
1418 2735 1457 2783 ac
1481 2713 1619 2807 publice
1641 2713 1813 2786 scribendi

269 2830 428 2913 ‚lacultos
465 2829 560 2904 nulla
599 2827 798 2902 conditione
838 2849 955 2925 neque
993 2827 1204 2924 obligatione
1242 2830 1420 2917 restricta3
1456 2830 1541 2904 nihil
1578 2819 1715 2930 legibus
1751 2841 1813 2906 ant

284 2950 424 3024 statutis
445 2949 693 3048 praescriptum
722 2972 836 3044 neque
864 2949 1033 3034 vetitum,
1060 2948 1154 3044 quod
1184 2948 1346 3045 cuiquam
1371 2949 1607 3046 importunum
1634 2977 1709 3025 essa
1734 2977 1812 3051 pos·

285 3080 357 3159 set,
396 3071 532 3146 nullum
568 3070 720 3144 libertati
753 3068 1064 3166 impedimentum,
1101 3067 1168 3140 nisi
1199 3068 1292 3164 qnod
1328 3067 1583 3142 electionibus
1607 3071 1753 3167 politicis
1778 3080 1814 3144 et

285 3189 542 3276 ecclesiasticis,
577 3197 639 3262 aut
664 3213 685 3261 a
713 3186 954 3285 praeiudicatis
977 3187 1070 3260 illius
1094 3187 1217 3260 aetatis
1241 3188 1463 3285 opinionibus
1491 3187 1714 3263 hominumve
1737 3215 1813 3288 per·

243 3407 246 3412 Ι
285 3309 444 3383 versitate
476 3309 631 3383 oriretur.
686 3309 810 3406 ltaque
839 3309 1022 3381 Musarum
1057 3308 1205 3416 cultores
1237 3313 1441 3406 plerumque
1468 3309 1559 3384 curis
1584 3334 1624 3385 ac
1648 3311 1813 3407 molestiis

284 3429 383 3504 vacui
417 3427 596 3516 vivebant,
635 3429 812 3502 literarum
849 3426 974 3501 studiis
1009 3427 1143 3526 placide
1180 3427 1327 3516 intenti,
1364 3429 1480 3527 prouti
1514 3430 1641 3528 cuique
1676 3431 1813 3505 animus

284 3548 427 3622 larebat.
478 3549 572 3622 Nota
594 3559 679 3622 sunt
703 3549 891 3622 multorum
918 3549 1118 3623 testimonia
1144 3550 1187 3622 de
1213 3549 1390 3637 libertate,
1417 3574 1486 3647 qua
1510 3551 1601 3625 cives
1626 3551 1813 3624 academici

283 3669 319 3742 in
346 3669 456 3767 patria
477 3680 596 3743 nostra
619 3669 842 3757 fruebantur,
868 3694 957 3766 quae
978 3671 1104 3744 exteris
1129 3670 1270 3767 quidem
1296 3671 1389 3744 haud
1410 3695 1486 3744 raro
1507 3671 1670 3745 invidiam
1694 3673 1809 3744 movit.

285 3788 403 3864 Unum
427 3790 623 3864 nominasse
650 3790 794 3864 sufficiat
816 3777 1081 3864 sunurnurnrr.
1109 3792 1242 3878 rNos‚''
1269 3791 1318 3864 ita
1343 3791 1474 3879 scribit,
1503 3815 1587 3863 unos
1614 3791 1668 3864 hic
1690 3814 1811 3864 omnes

284 3933 383 4008 reges
404 3933 544 3997 snmus,
571 3911 606 3982 in
632 3935 720 4008 qnos
744 3934 846 3985 nemo
868 3911 1062 3983 mortalium
1086 3911 1269 4008 imperium
1296 3912 1400 3985 babet
1422 3913 1493 4004 ⁵).”
1544 3911 1642 3989 Quid
1661 3911 1809 4001 mirum,

285 4029 482 4127 peregrinos
510 4029 635 4117 etiam,
669 4031 872 4103 eruditionis
902 4030 1004 4103 laude
1037 4055 1119 4129 prae
1143 4033 1265 4104 ceteris
1290 4031 1471 4119 fiorentes,
1497 4033 1644 4106 libenter
1664 4031 1809 4106 Loidam
1862 4016 1865 4022 ¹

227 4167 229 4170 ·
287 4149 472 4249 migrasse,
511 4161 550 4224 ut
588 4151 701 4250 regiae
740 4151 843 4224 huius
882 4150 970 4223 vitae
993 4151 1176 4249 participes
1204 4151 1375 4226 salubrem
1408 4153 1463 4226 hio
1493 4153 1661 4227 libertatis
1691 4177 1810 4228 auram

286 4269 478 4368 spirarent?
521 4271 728 4346 Curatur-nm
761 4279 878 4345 autem
913 4294 953 4344 ec
979 4271 1015 4342 in
1038 4294 1075 4343 re
1103 4295 1239 4346 summa
1266 4297 1402 4371 semper
1427 4273 1496 4346 luit
1519 4273 1724 4361 liberalitas,
1751 4251 1808 4362 ut,

285 4390 493 4464 Academiae
519 4393 700 4490 angendae
726 4415 849 4478 cansa,
881 4391 1118 4464 doctissimum
1143 4415 1319 4490 quemque
1347 4392 1415 4468 hnc
1440 4403 1599 4467 vorarent
1624 4418 1663 4468 oc
1687 4395 1808 4492 quovis

286 4511 397 4608 pretio
425 4509 607 4588 allicerent.
669 4515 751 4591 Qua
786 4503 1024 4585 munificentia
1056 4513 1124 4586 dici
1153 4514 1208 4587 vir
1243 4526 1358 4613 potest
1385 4539 1489 4612 quam
1518 4515 1606 4588 bene
1631 4515 1674 4588 de
1702 4515 1808 4590 literis

286 4629 400 4703 meriti
422 4628 561 4704 luerint.
609 4635 672 4706 Est
695 4633 847 4731 aliquid,
874 4633 1096 4730 acquisivisse
1120 4657 1335 4723 noannnnu,
1360 4659 1536 4724 cauernae,
1559 4657 1807 4724 sounrnnannr,

286 4773 758 4841 sar,rras1nar,eaouovrnar‚
776 4775 953 4840 Arainon,
971 4775 1230 4842 annunnurnru
1246 4779 1460 4845 nnsrnnrnrr,
1472 4779 1807 4844 urnrnunacnrnrr,

286 4879 321 4942 et
358 4894 446 4968 qnos
480 4871 685 4946 nonarius!
736 4873 768 4946 Ο
800 4873 926 4946 eximia
964 4874 1090 4949 liberae
1122 4875 1364 4951 Universitatis
1401 4877 1585 4963 beneficia,
1619 4900 1708 4973 quae
1737 4901 1805 4950 non
