4962 6178
648 717 656 734 ,
728 641 772 710 ιο·
1326 639 1365 704 ιι.
1401 642 1464 706 uu
1499 641 1662 710 varus

728 875 906 952 superesse
928 875 1038 950 eaque
1061 849 1212 925 sterilia''
1235 849 1297 941 ³⁰).
1349 849 1398 922 At
1424 848 1565 923 tandem
1588 847 1776 948 aliquando
1802 849 1960 947 querelae
1984 849 2253 941 obmutuerunt,

727 985 876 1073 votoque
911 972 1012 1072 potiti
1044 994 1176 1044 sumus.
1230 968 1386 1043 Surrexit
1422 970 1691 1058 Nosooomium,
1726 969 1918 1044 Academia
1948 979 2065 1045 nostra
2095 971 2256 1070 dignissi-

728 1119 846 1182 mum,
871 1091 1049 1192 amplum,
1072 1089 1316 1188 splendidum,
1338 1089 1433 1164 omni
1453 1091 1665 1189 supellectile
1684 1090 1778 1164 laute
1798 1090 2008 1164 instructum
2032 1098 2067 1164 et
2089 1091 2135 1164 ad
2155 1115 2255 1168 usum

726 1213 863 1314 egregie
889 1211 1200 1287 accommodatum.
1255 1210 1390 1284 Multos
1415 1211 1484 1284 iam
1506 1210 1635 1310 recepit
1659 1218 1896 1309 aegrotantes,
1922 1210 2044 1285 maiori
2065 1210 2256 1309 frequentia

725 1335 905 1412 affluentes
941 1333 977 1408 in
1014 1338 1111 1406 tanta
1149 1354 1264 1404 rerum
1302 1330 1431 1405 morbis
1465 1330 1626 1405 curandis
1662 1329 1800 1405 utilium
1832 1331 1930 1430 copia
1966 1341 2002 1404 et
2036 1333 2254 1430 praestantia.

725 1456 820 1531 Anni
851 1465 967 1528 autem
1003 1451 1130 1551 integri
1154 1450 1364 1549 experientia
1388 1451 1437 1524 ita
1459 1451 1526 1524 ium
1554 1457 1746 1550 spectatum
1771 1459 1825 1525 est
1848 1461 1884 1525 et
1909 1452 2193 1551 comprobatum,
2219 1461 2255 1529 ut

725 1577 781 1650 vix
815 1575 1006 1674 quidquem
1042 1596 1146 1670 supra
1182 1571 1312 1670 sperari
1345 1570 1521 1670 potuisse,
1557 1595 1626 1645 una
1654 1580 1690 1645 et
1718 1570 1937 1646 consentiens
1970 1571 2016 1646 eit
2045 1573 2273 1649 medicorum*

724 1721 800 1771 vox.
837 1695 984 1792 Itaque,
1005 1693 1066 1791 qui
1088 1691 1162 1765 iure
1187 1700 1304 1766 nostro
1329 1692 1429 1790 queri
1454 1691 1671 1779 solebamus,
1697 1690 1835 1788 eosdem
1860 1715 1954 1764 uunc
1980 1691 2101 1783 decet,
2124 1693 2253 1770 iustum

725 1815 857 1891 meritis
879 1815 1040 1888 honorem
1066 1811 1252 1902 hebentes,
1275 1819 1414 1910 gratnm
1441 1814 1596 1886 animum
1615 1811 1791 1886 testificari
1814 1835 1896 1910 erga
1913 1811 2021 1910 Regis
2034 1811 2253 1904 Minimum,

725 1946 761 2011 et
773 1937 976 2021 Curatores,
998 1941 1033 2006 et
1052 1931 1282 2030 Magistratus
1305 1931 1516 2020 Leidenses,
1541 1943 1576 2006 et
1599 1955 1783 2006 nvnasruu
1802 1941 1978 2020 nostrum,
2000 1957 2120 2008 omnes
2136 1960 2253 2034 porro,

661 2109 662 2112 =
724 2081 870 2156 quorum
900 2053 1051 2130 consiliis
1081 2063 1116 2126 et
1147 2077 1269 2150 operae
1303 2061 1400 2127 tenta
1437 2077 1492 2126 res
1522 2051 1677 2126 debetur.
1729 2051 1831 2128 Unde
1859 2062 1899 2126 ut
1923 2051 2106 2151 disciplina
2135 2052 2255 2131 Vestra

722 2177 914 2251 uberrimos
958 2173 1091 2250 tructus
1133 2172 1268 2271 capiat,
1318 2172 1391 2248 Vos
1438 2171 1624 2261 curabitis,
1669 2171 1821 2271 collegae
1860 2173 2156 2265 coniunctissimi,
2195 2177 2255 2276 qui

725 2305 837 2372 artem
863 2295 1034 2372 medicam
1061 2292 1282 2392 profitemini.

775 2416 947 2491 Absolute
972 2413 1181 2489 Nosocomio
1203 2413 1247 2488 de
1272 2413 1367 2488 aliis·
1380 2413 1545 2488 aedificiis
1569 2413 1671 2487 multi
1687 2437 1861 2488 sermones
1878 2415 1985 2492 fuere.
2025 2417 2129 2493 Hanc
2147 2416 2255 2516 ipsam

724 2537 817 2611 enim
839 2539 983 2622 aedem,
1010 2558 1080 2632 qua
1107 2533 1209 2607 hodie
1231 2533 1383 2607 conteuti
1409 2559 1483 2608 esse
1499 2532 1687 2625 debemus,
1707 2543 1912 2633 augustam,
1930 2536 2088 2635 inopem,
2104 2537 2255 2626 tristem,

724 2682 787 2731 nec
822 2665 946 2730 sartam
985 2678 1048 2728 neo
1083 2661 1233 2740 tectum,
1270 2653 1403 2728 Palladi
1435 2654 1598 2728 Ieidensi
1631 2679 1752 2754 parum
1783 2679 1858 2730 esse
1891 2656 2087 2745 honestem,
2121 2657 2256 2732 dudum

723 2779 813 2853 inter
842 2801 965 2852 omnes
996 2773 1165 2849 constitit.
1227 2773 1419 2848 Constabat
1446 2774 1514 2848 iam
1545 2785 1626 2849 ante
1653 2775 1834 2874 sexaginta
1859 2801 1987 2866 annos,
2012 2801 2090 2852 cum
2116 2777 2152 2850 in
2179 2777 2257 2876 lege

662 2967 684 3002 s
721 2897 915 2974 academica
945 2895 1172 2979 scriberetur,
1209 2917 1334 2968 novam
1369 2893 1492 2968 eedem
1530 2896 1641 2992 primo
1662 2920 1801 2993 quoqne
1825 2905 1978 2995 tempore
2000 2895 2180 2972 conditum
2202 2895 2256 2971 iri.

722 3020 772 3116 At
805 3017 874 3116 legi
907 3039 976 3089 non
1005 3019 1193 3112 paruerunt
1223 3012 1284 3112 qui
1315 3014 1427 3112 legem
1458 3014 1620 3090 tulerant.
1671 3016 1826 3090 Petendo
1851 3017 2036 3092 etiterum
2062 3016 2257 3115 iterumque

723 3136 873 3237 petendo
904 3134 989 3208 nihil
1016 3133 1280 3232 impetrabatur.
1335 3133 1524 3234 Quidquid
1553 3143 1764 3224 tentaretur,
1798 3135 1925 3212 frustra
1950 3136 2027 3212 luit.
2080 3138 2255 3212 Postremo

723 3281 779 3331 res
814 3279 855 3330 eo
890 3253 1063 3353 pervenit,
1103 3261 1143 3326 ut
1177 3253 1230 3327 vel
1263 3253 1339 3352 ipsa
1379 3279 1458 3354 spes
1498 3255 1651 3354 praecisa
1688 3255 1877 3344 videretur,
1914 3266 2100 3356 postquam
2138 3257 2253 3332 multia

723 3376 855 3475 placere
887 3383 923 3448 et
954 3373 1082 3448 oraculi
1114 3373 1223 3454 instar
1253 3397 1328 3448 esse
1359 3375 1474 3474 coepit
1497 3376 1716 3450 notissimum
1743 3375 1829 3451 illud
1853 3376 2012 3466 effatum,
2042 3379 2190 3452 curtium
2216 3403 2252 3452 ac

725 3495 984 3594 disciplinarum
1026 3518 1144 3568 curam
1191 3493 1235 3568 ed
1276 3494 1523 3592 rempublicam
1564 3495 1648 3569 nihil
1687 3496 1900 3594 pertinere'';
1935 3498 2035 3572 cuius
2065 3498 2253 3572 sententiae

723 3639 882 3716 perversa
907 3615 1142 3714 interpretatio
1168 3615 1293 3689 mirum
1322 3623 1495 3715 quantum
1521 3617 1631 3692 bonae
1657 3602 1780 3693 caiisae
1806 3617 1971 3692 nocuerit.
2023 3618 2094 3720 Sed
2116 3617 2252 3694 eruistis

723 3735 862 3835 ineptiis
894 3736 1036 3811 tandem
1071 3735 1286 3810 emersimus.
1341 3736 1558 3810 Neerlandia
1590 3747 1726 3826 nostre,
1759 3736 1902 3835 antiqua
1930 3737 2099 3813 bonarum
2127 3738 2253 3812 artium

724 3855 869 3944 fautrix,
903 3856 1083 3956 dignitatis
1106 3879 1188 3930 auae
1216 3855 1458 3930 conscientium
1490 3857 1630 3956 recepit.
1682 3859 1806 3955 Itaque
1832 3857 1894 3931 Vir
1916 3858 2252 3946 Excellentissimus‚

724 3974 786 4072 qui
812 3975 942 4073 patriae
964 3987 1018 4048 res'
1040 3975 1246 4050 domesticas
1268 3985 1452 4075 procuret,
1478 3977 1552 4074 ipse
1572 3978 1746 4053 literarum
1768 3977 2045 4067 amantissimus,
2071 3977 2105 4053 in
2127 4002 2251 4075 magua

725 4094 897 4170 Ordinum
930 4095 1149 4170 Generalium
1183 4097 1363 4171 concordia
1396 4105 1432 4171 et
1463 4097 1687 4184 liberalitate,
1722 4097 1836 4195 legem
1871 4097 2030 4196 pertulit,
2065 4103 2103 4172 ut
2126 4095 2250 4171 conde·

724 4222 819 4288 retur
854 4214 1029 4288 Minervae
1065 4213 1275 4302 sacrarium,
1311 4239 1351 4288 ea
1385 4213 1615 4313 amplitudine
1638 4223 1674 4288 et
1702 4216 1977 4314 magnificentia,
2003 4240 2092 4314 quae
2119 4215 2252 4290 Acade·

725 4333 829 4407 miam
854 4333 1212 4432 lugduno-Batauam
1237 4335 1392 4422 deceret,
1420 4344 1528 4434 utque
1550 4336 1652 4409 simul
1675 4337 1912 4411 aedificaretur
1929 4343 1966 4410 et
1988 4335 2249 4411 laboratorium

726 4453 982 4543 Zootomicum,
1019 4479 1039 4528 a
1080 4454 1200 4540 multis
1239 4455 1299 4528 diu
1340 4454 1593 4546 desideratum,
1632 4464 1668 4529 et
1702 4479 1829 4531 novum
1866 4457 2043 4531 Historiae
2075 4454 2252 4530 Naturalis

725 4573 913 4659 Muscam,
948 4573 1127 4647 immensis
1149 4573 1217 4649 illia
1243 4575 1413 4650 thesauris
1441 4585 1520 4675 apte
1546 4577 1769 4676 disponendis
1796 4577 2105 4651 accommodatum.
2157 4576 2250 4662 Nos,

724 4702 900 4768 tantorum
944 4693 1189 4769 beneficiorum
1235 4720 1330 4795 spem
1372 4696 1475 4770 nobis
1514 4697 1748 4796 gratulantes,
1789 4696 1877 4772 festo
1908 4696 2072 4773 saeculari
2100 4695 2254 4771 multum

724 4813 917 4912 splendoris
940 4813 1192 4891 orninabamur.
1245 4817 1329 4889 Mox
1353 4816 1570 4915 accepimus,
1596 4817 1803 4893 delineatam
1826 4819 1896 4894 iam
1920 4841 1995 4892 esse
2016 4816 2253 4891 aedificiorum
