4962 6178
692 605 734 670 22
1281 609 1320 675 Μ.
1360 609 1420 674 DE
1454 611 1619 678 vullis

694 811 818 902 istam,
852 836 961 911 quae,
994 818 1034 886 nt
1059 812 1183 888 Graeci
1206 814 1363 904 aiebant,
1391 841 1534 893 asenam
1557 825 1710 892 mentem
1736 839 1805 891 non
1829 816 1974 906 docet,''
2000 816 2062 891 sed
2085 815 2218 917 sapien·

698 931 781 1007 tiam
813 932 957 1008 subacto
990 931 1119 1008 indicio
1153 945 1396 1033 comparatam.
1446 937 1559 1012 Testis
1589 937 1635 1012 sit
1668 961 1760 1013 unus
1784 935 1943 1010 omniurn
1968 937 2220 1034 praestantissi·

695 1076 773 1127 mus
801 1076 1056 1141 nonaaavros,
1089 1053 1189 1128 cuius
1223 1078 1327 1131 aurea
1356 1057 1526 1132 sententia
1556 1056 1725 1154 asimplex
1751 1054 1906 1155 sigillum
1931 1054 2025 1130 reri”
2049 1063 2086 1130 at
2110 1055 2221 1155 ipsius

693 1171 900 1247 instituendi
931 1172 1138 1248 methodum
1172 1175 1309 1272 egregie
1338 1175 1506 1266 declarat,
1531 1184 1567 1250 et
1591 1183 1771 1274 tamquam
1793 1175 1915 1274 regula
1935 1173 2021 1266 fuit,
2045 1176 2220 1276 adquam

694 1291 819 1366 deinde
855 1292 914 1366 alii
946 1317 1045 1368 snam
1083 1291 1292 1390 dirigerent..
1345 1293 1453 1370 Hand
1490 1294 1613 1369 ultima
1644 1303 1763 1370 antem
1794 1315 2001 1368 nonaaavrr
2030 1293 2108 1371 laus
2138 1295 2220 1371 haec

694 1411 781 1500 fuit,
814 1412 908 1511 quod
938 1397 1300 1487 rerum'naturalium
1329 1413 1527 1505 scientiam,
1552 1413 1634 1488 olim
1657 1413 1902 1513 hypothesium
1930 1413 2068 1489 levitate
2089 1423 2126 1488 et
2147 1415 2219 1490 ina·

695 1532 792 1606 nium
818 1533 1159 1631 argumentationum
1185 1532 1335 1608 vanitate
1359 1534 1599 1633 depravatam,
1623 1534 1668 1609 ad
1694 1557 1813 1610 sanam
1841 1542 1877 1607 et
1900 1532 2091 1632 simplicem
2109 1533 2221 1634 ipsius

696 1658 839 1726 naturae
874 1651 1146 1726 observationem
1180 1677 1220 1726 ac
1262 1651 1435 1727 salubrem
1472 1652 1719 1752 experientiam
1755 1651 1949 1740 revocavit3
1989 1675 2098 1750 eaque
2134 1653 2221 1727 ratio

696 1779 816 1870 postea
837 1771 923 1845 adeo
944 1771 1120 1862 invaluit,
1156 1783 1195 1844 ut
1222 1779 1338 1847 nostra
1367 1771 1508 1871 quidem
1532 1779 1644 1847 aetate
1666 1796 1769 1846 nemo
1793 1771 1863 1846 iam
1890 1772 1936 1845 sit
1958 1771 2083 1846 harum
2107 1795 2220 1846 rernm

697 1891 847 1990 peritus,
883 1891 969 1989 quin
1010 1915 1110 1966 suam
1145 1890 1361 1989 disciplinam
1398 1893 1462 1966 hoc
1495 1891 1723 1968 fundamento
1756 1891 1821 1966 niti
1857 1893 2070 1992 profiteatur.
2122 1893 2220 1971 Quae

612 2077 616 2082 .
695 2035 750 2086 res
774 2011 843 2086 diei
866 2036 937 2086 non
960 2018 1074 2110 polest
1099 2019 1270 2110 quantum
1302 2020 1338 2086 et
1361 2012 1570 2087 humanitati
1597 2019 1632 2086 et
1657 2012 1808 2087 libertati
1831 2011 2009 2111 profuerit.
2059 2013 2220 2111 Namque

696 2132 785 2206 nihil
813 2139 885 2220 est,
921 2132 1015 2231 quod
1048 2157 1069 2208 a
1099 2131 1342 2230 praeiudicatis
1372 2131 1595 2231 opinionibus
1626 2138 1662 2205 et
1684 2132 1803 2231 inepta
1830 2132 2074 2230 superstitione
2096 2131 2220 2207 certius

697 2253 830 2330 animos
864 2251 986 2332 liberet
1021 2259 1056 2327 et
1092 2251 1137 2326 ad
1171 2251 1293 2325 altiora
1318 2253 1445 2350 erigat,
1483 2277 1587 2350 quam
1614 2252 1763 2351 diligens
1786 2261 1821 2327 et
1842 2252 1977 2328 curiosa
1997 2249 2221 2352 perscrutatio

699 2357 873 2462 catenes
888 2398 977 2473 quae
1002 2373 1134 2472 optima
1158 2379 1211 2446 est
1238 2381 1274 2446 et
1296 2372 1440 2448 aliarum
1469 2396 1584 2447 rerum
1608 2380 1643 2446 et
1665 2379 1757 2447 recte
1780 2372 1957 2471 cogitandi
1983 2371 2221 2469 sentiendique

698 2495 872 2593 magistra.
922 2494 1001 2569 Hac
1031 2493 1139 2592 igitur
1175 2492 1265 2566 doce
1298 2491 1430 2567 cordati
1467 2491 1610 2565 iuvenes
1643 2497 1679 2564 et
1705 2513 1824 2589 sapere
1846 2490 1986 2565 discunt
2013 2497 2049 2564 et
2072 2488 2221 2564 libertati

696 2616 897 2690 amnefinnt.
957 2611 1264 2699 Animadvertitis,
1302 2613 1404 2701 AA.,
1442 2612 1537 2710 qnod
1565 2611 1609 2684 de
1632 2608 1817 2719 philologis
1853 2608 2023 2697 vidimus,
2056 2608 2151 2684 idem
2178 2607 2220 2682 de

602 2747 606 2754 '
695 2734 817 2809 ceteris
854 2733 1017 2807 omnibns
1054 2732 1176 2808 valere
1239 2731 1297 2805 Ad
1337 2732 1507 2807 maiorum
1543 2730 1635 2806 enim
1676 2730 1851 2828 exemplar
1888 2730 1925 2804 in
1962 2727 2036 2803 auis
2073 2728 2221 2827 quisque

694 2852 818 2928 scholis
846 2877 888 2926 eo
915 2851 1056 2926 tendere
1086 2851 1198 2924 solent
1223 2849 1333 2924 nostri
1359 2848 1587 2948 professores,
1613 2849 1650 2924 in
1674 2873 1784 2948 eoque
1806 2849 1916 2924 amice
1939 2847 2159 2947 conspirant,
2184 2854 2221 2922 ut

692 2975 877 3048 instituant
909 2994 978 3045 non
1011 2977 1149 3045 tantum
1191 2968 1279 3044 viros
1315 2969 1434 3044 doctos
1467 2969 1635 3069 bonisque
1665 2969 1800 3044 artibus
1829 2967 2003 3058 excultos,
2040 2967 2103 3042 sed
2132 2966 2221 3043 ciras

697 3094 801 3169 etiam
838 3091 981 3166 liberam
1014 3090 1190 3167 civitatem
1225 3091 1350 3164 virtute
1381 3098 1417 3164 et
1447 3091 1640 3166 constantia
1673 3091 1881 3165 firmaturos.
1932 3088 2035 3163 Unde
2059 3093 2219 3187 apparet,

697 3236 802 3312 qnam
845 3211 935 3285 bene
973 3209 1162 3286 Academia
1210 3209 1274 3284 hoc
1317 3231 1457 3308 quoqne
1501 3210 1640 3284 nomine
1685 3208 1855 3284 libertatis
1902 3207 2114 3309 praesidium
2155 3207 2222 3282 dici

699 3338 882 3407 mereator.
1549 3427 1550 3430 Ἴ
2237 3329 2241 3341 ’

747 3450 818 3525 Sed
848 3473 971 3549 parum
1001 3455 1055 3522 est
1092 3448 1348 3547 professoribus
1375 3448 1523 3523 docendi
1555 3448 1688 3524 ratione
1720 3445 1990 3523 adolescentium
2021 3446 2148 3522 animis
2170 3444 2221 3519 in·

697 3570 825 3645 stillare
861 3567 1029 3643 libertatis
1061 3591 1236 3658 amorem,
1271 3567 1338 3642 nisi
1374 3567 1442 3666 ipsi
1473 3570 1579 3645 etiam
1609 3577 1646 3645 et
1677 3568 1883 3644 lectionibus
1911 3574 1947 3643 st
1981 3567 2116 3668 scriptis
2152 3566 2222 3641 suis

696 3688 864 3765 libertatis
902 3675 1042 3764 cansam
1076 3688 1234 3788 gnaviter
1271 3687 1465 3764 sustineant
1499 3689 1749 3790 discipulisque
1783 3688 1982 3786 exemplum
2014 3686 2222 3787 praebeant,

698 3833 767 3883 non
803 3808 898 3908 qnod
932 3808 1113 3884 imitentur
1144 3851 1194 3867 --
1228 3807 1418 3883 imitatione
1451 3808 1546 3884 enim
1570 3809 1674 3884 homo
1699 3832 1783 3884 suus
1808 3831 1883 3883 esse
1912 3807 2040 3882 desinit
2062 3851 2134 3896 -,
2161 3804 2223 3880 sed

698 3925 782 4027 quo'
799 3928 1021 4003 stimulentur
1050 3935 1156 4027 atque
1191 3926 1461 4003 inflammentur.
1512 3929 1637 4027 Neque
1672 3954 1712 4004 ea
1739 3929 1776 4004 in
1799 3951 1836 4002 re
1864 3927 1975 4002 officio
1998 3926 2137 4001 defuere
2160 3949 2220 4000 no·

699 4055 831 4123 strates.
883 4047 990 4126 Quod
1013 4047 1095 4123 olim
1125 4071 1256 4122 cronno
1284 4047 1391 4123 dixit:
1427 4046 1549 4121 anobis
1576 4055 1693 4124 nostra
1715 4045 1905 4122 Academia
1929 4069 2093 4146 magnam
2118 4045 2221 4121 licen·

700 4167 783 4242 tiam
810 4166 887 4257 dat,
913 4174 954 4241 ut
975 4166 1223 4265 quodcumque
1244 4167 1394 4241 maxime
1417 4166 1596 4265 probabile
1621 4172 1797 4255 occurrat,
1822 4166 1860 4240 id
1883 4172 2001 4240 nostro
2023 4165 2099 4238 inre
2123 4165 2222 4241 hosat

700 4285 906 4361 defendere'’
932 4288 1003 4378 ¹³),
1037 4286 1133 4361 idem
1157 4283 1258 4360 nobis
1280 4285 1325 4361 de
1351 4294 1487 4375 nostra,
1513 4285 1737 4385 quantumvis
1760 4285 1881 4359 eodem
1903 4284 2221 4382 nominelfdivarsa

699 4405 895 4503 praedicare
926 4405 1016 4481 licet.
1065 4405 1144 4482 Hoc
1177 4430 1260 4506 argo
1283 4406 1420 4482 lieentia
1440 4405 1490 4481 ita
1514 4405 1720 4505 plerumque
1749 4403 1804 4480 osi
1828 4412 1911 4480 sunt
1935 4403 2043 4488 nostri
2068 4404 2222 4479 doctores

698 4524 905 4615 academici,
939 4529 980 4600 nt
1009 4525 1200 4624 exspectari
1231 4531 1367 4623 poterat
1399 4549 1420 4600 a
1442 4522 1575 4598 civibus
1597 4523 1759 4612 Batavis,
1784 4521 1913 4621 quibos
1937 4530 2064 4622 negata
2086 4519 2222 4612 dicendi

698 4645 857 4720 libertate
882 4639 935 4720 'na
970 4644 1039 4719 vita
1071 4644 1215 4743 quidam
1246 4643 1336 4718 foret
1368 4642 1490 4719 vitalis.
1541 4642 1633 4718 Cum
1668 4649 1785 4718 autem
1809 4667 1850 4718 ea
1875 4642 2015 4718 libertas
2040 4642 2222 4742 praecipue

697 4770 879 4841 censeatur
903 4764 938 4839 in
962 4763 1221 4853 controversiis,
1248 4763 1368 4863 quales
1387 4769 1448 4839 aut
1473 4760 1516 4836 de
1540 4760 1704 4861 religione
1724 4769 1761 4836 et
1780 4760 1943 4851 ecclesia,
1968 4768 2031 4837 aut
2050 4760 2095 4837 de
2117 4783 2221 4861 repu-
