4962 6178
874 685 1152 752 ouarlo.
1734 684 1777 753 43

260 919 316 969 me
353 893 540 982 salutatus,
575 895 612 969 in
650 920 775 994 magna
810 894 959 968 suorum
984 893 1228 969 honoratorum
1253 917 1395 980 corona,
1422 891 1671 968 humanissime
1695 893 1782 967 mihi

258 1013 457 1104 mandavit,
490 1023 529 1088 ut
552 1014 691 1113 collega
715 1013 854 1112 publice
879 1014 1130 1113 significarem,
1163 1014 1286 1113 quanti
1308 1013 1435 1089 faceret
1454 1012 1679 1119 Academiam
1704 1013 1781 1088 Lai·

259 1132 423 1223 densam‚
457 1160 479 1210 a
514 1157 716 1210 aurnmmuo
750 1136 767 1207 I
807 1133 1003 1221 conditam,
1037 1135 1133 1233 genti
1167 1158 1250 1209 suaa
1281 1133 1338 1232 pia
1369 1156 1504 1230 semper
1528 1132 1784 1212 necessitudine

259 1253 474 1343 devinctam,
511 1254 680 1352 cuiusque
712 1279 749 1328 se
782 1255 898 1353 ipsum
934 1255 1017 1329 olim
1049 1255 1157 1329 fuisse
1181 1256 1363 1329 alumnum
1386 1253 1514 1354 gloriae
1538 1252 1606 1328 sibi
1631 1253 1783 1331 duceret.

127 1431 134 1440 -
261 1377 378 1454 Quam
404 1374 611 1473 singularem
634 1399 715 1474 erga
743 1399 806 1450 nos
830 1375 1062 1463 voluntatem,
1088 1375 1222 1450 eximiis
1244 1376 1311 1449 iam
1338 1374 1555 1449 documentis
1578 1383 1786 1474 spectatam,-

262 1519 342 1570 cum
369 1503 556 1592 utrumque
582 1493 691 1569 filium
719 1495 844 1572 Almue
869 1496 977 1570 Matri
998 1496 1218 1570 educandum
1243 1495 1495 1583 committeret,
1520 1518 1613 1568 nunc
1636 1519 1673 1568 sa
1696 1518 1785 1569 novo

263 1614 459 1688 testimonio
493 1613 579 1688 velle
610 1614 793 1692 declarare.
848 1619 1067 1715 Quapropter
1099 1640 1174 1689 asse
1205 1614 1271 1688 sibi
1307 1615 1342 1688 in
1372 1614 1507 1701 animo,
1533 1614 1609 1713 ipso
1632 1614 1689 1689 dia
1712 1638 1786 1689 sae·

261 1733 368 1808 culari
399 1733 543 1807 Ieidam
578 1736 713 1826 vanua,
749 1745 994 1835 tantarumque
1025 1760 1138 1810 rarum
1172 1735 1370 1809 memoriam
1399 1733 1579 1808 uobiscum
1604 1733 1785 1812 celebrare.

262 1852 338 1951 Ego
376 1851 485 1951 Regis
520 1854 622 1928 verba
654 1863 779 1953 gratus·
800 1854 940 1953 accepi,
974 1855 1102 1929 laetum
1138 1854 1306 1928 nuncium
1331 1879 1413 1928 cum
1438 1854 1568 1928 Senatu
1594 1853 1787 1928 communi·

265 1973 349 2047 cavi.
386 1973 483 2063 Iam,
509 1973 620 2064 cives,
646 1974 755 2049 Vobis
780 1975 943 2049 omnibus
965 1983 1087 2065 notum
1106 1975 1213 2064 facio,
1237 1974 1373 2074 ipsique
1386 1973 1596 2050 Academiae
1616 1974 1789 2074 insignem

268 2093 416 2193 Regiam
443 2094 716 2170 benevolentiam
742 2121 785 2170 ax
809 2094 916 2170 animi
940 2094 1111 2168 sententia
1134 2077 1297 2192 gratulor.

309 2212 444 2289 Verane
477 2201 569 2304 diii,
605 2215 708 2304 AA„
744 2216 781 2289 in
817 2212 979 2291 orationis
1005 2215 1164 2304 exordio,
1197 2214 1320 2290 faustis
1343 2213 1518 2290 ominibus
1540 2216 1635 2290 hunc
1658 2239 1790 2291 annum

243 2332 442 2409 inchoari?
478 2336 602 2433 Itaque
624 2336 713 2410 laeto
743 2344 778 2409 at
808 2343 907 2435 grato
933 2335 1049 2409 animo
1076 2359 1219 2409 munere
1244 2335 1414 2411 decedens
1436 2335 1545 2412 fasces
1569 2336 1649 2411 Tibi
1671 2338 1791 2428 trado,

263 2454 318 2530 cl.
351 2477 553 2544 nummus,
586 2480 692 2554 quem
720 2454 830 2554 Regis
855 2454 1034 2529 decretum
1061 2454 1148 2527 mihi
1176 2480 1407 2531 successorem
1431 2455 1635 2556 designavit.
1672 2457 1793 2551 Salve,

267 2575 395 2649 Rectus
415 2575 634 2674 Magnifice,
665 2575 864 2672 iterumque
887 2575 998 2648 salva!
1033 2573 1113 2647 uiui
1135 2575 1252 2649 omnia
1275 2574 1345 2648 sint
1370 2574 1502 2666 fausta,
1527 2575 1659 2666 felicia,
1683 2577 1793 2652 fortu-

266 2696 367 2770 nata!
394 2694 480 2768 Tuis
505 2679 670 2794 auspiciis
694 2693 891 2770 Academia
912 2693 1236 2792 Lugduno·Batava
1258 2695 1375 2770 -ita
1399 2695 1486 2771 faxit
1508 2696 1605 2771 Deus
1622 2697 1731 2775 Ο.Μ.
1744 2740 1794 2758 -

268 2813 401 2913 vigeat,
427 2813 566 2902 floreat3
591 2838 631 2888 aa
656 2811 797 2886 tertium
827 2811 1003 2885 saeculum
1028 2811 1172 2886 feliciter
1195 2813 1368 2891 absolvat!
