4962 6178
877 649 1162 718 ORATIO.
1739 643 1782 710 41

251 855 537 954 descriptionem,
581 854 746 954 brevique
784 856 858 931 lore
904 865 943 931 ut
988 859 1197 934 exstruenda
1238 858 1439 932 locarentur.
1505 853 1667 928 Vidimus
1711 852 1779 926 iam

252 985 388 1051 vastum
418 1000 603 1075 campum,
638 977 699 1074 qui
726 975 941 1054 tristissimae
968 980 1087 1054 ruinae
1115 979 1316 1054 memoriam
1340 957 1494 1065 revocat,
1519 975 1564 1050 ab
1585 973 1780 1049 architectis

250 1106 478 1196 occupatum,
504 1095 635 1169 iustum
664 1097 817 1195 spatium
844 1098 1045 1198 sepimentis
1074 1099 1259 1187 vallatum,
1287 1098 1434 1172 humum
1462 1095 1639 1183 effossam,
1664 1091 1781 1168 omnia

250 1216 489 1292 fundamentis
521 1214 686 1290 iaciendis
720 1227 849 1316 parata.
910 1222 1026 1306 Qrmm
1054 1219 1196 1307 uellem,
1221 1219 1321 1307 An,
1346 1217 1473 1293 addere
1497 1216 1633 1302 liceret,
1659 1238 1779 1289 exsur-

250 1361 332 1436 gere
361 1336 429 1412 iam
464 1335 627 1434 parietesl
667 1336 738 1410 Sed
771 1337 858 1412 nihil
890 1338 976 1413 dum
1009 1341 1132 1441 surgit.
1184 1339 1285 1438 Opus
1318 1338 1374 1411 vix
1406 1337 1605 1411 inchoatum
1639 1343 1780 1433 repente

251 1455 378 1544 haesit,
414 1479 546 1554 nosque
585 1455 673 1556 ipsi,
708 1456 793 1556 qnid
828 1457 871 1532 de
911 1459 1003 1534 hisce
1039 1459 1144 1534 rebus
1175 1459 1333 1535 futurum
1366 1458 1430 1546 sit,
1463 1456 1563 1532 dubii
1585 1455 1778 1531 haeremus.

251 1575 358 1650 Ortae
391 1574 483 1648 enim
519 1585 600 1650 sunt
638 1577 809 1674 quaedam
845 1577 1075 1654 dissensiones
1107 1580 1150 1654 de
1185 1578 1389 1655 aedificandi
1424 1575 1672 1674 descriptione,
1708 1597 1778 1648 non

249 1694 327 1768 illae
350 1693 491 1794 quidem
517 1697 709 1787 eiusmodi,
734 1723 825 1797 quae
851 1724 919 1774 uon
944 1700 1059 1776 dirimi
1085 1700 1176 1775 facili
1199 1699 1339 1798 negotio
1365 1721 1466 1796 posse
1491 1695 1690 1784 videantur,
1716 1692 1778 1767 sed

250 1838 339 1914 quae
364 1823 481 1892 mmen
506 1801 604 1916 spem
626 1826 777 1892 nostram
802 1820 987 1894 retardent.
1038 1819 1071 1893 Ο
1096 1819 1230 1895 utinam
1256 1818 1442 1904 omnibus,
1468 1815 1530 1915 qni
1553 1814 1668 1913 alique
1693 1820 1778 1886 sunt

250 1944 347 2011 tenta
382 1937 418 2012 in
450 1960 486 2011 re
502 1938 643 2036 agendi
677 1947 878 2039 potestate,
903 1939 948 2014 ob
981 1940 1099 2014 oculos
1122 1940 1168 2014 sit
1194 1938 1367 2038 praeclara
1392 1936 1561 2011 maiorum
1587 1932 1778 2025 sententia,

253 2056 456 2133 nconcordia
495 2082 550 2133 res
583 2083 705 2158 parvas
743 2083 910 2147 crescere,
952 2059 1123 2134 discordie
1165 2059 1333 2134 maximas
1373 2054 1514 2132 dilebi'’.
1580 2055 1675 2142 Nos,
1717 2051 1779 2126 ubi

249 2176 365 2276 agitur
406 2178 450 2252 de
484 2179 663 2253 communi
698 2188 734 2253 et
772 2179 979 2272 Academiae
1017 2187 1053 2253 et
1086 2178 1216 2278 patriae
1251 2178 1441 2278 dignitate,
1476 2175 1527 2250 nil
1556 2175 1779 2273 desperamus

252 2321 415 2375 nraucno
453 2298 540 2373 dnoe
574 2309 610 2373 et
645 2300 785 2398 auspice
810 2300 990 2375 rnucn0.”
1042 2299 1145 2374 Certa
1171 2299 1281 2399 igitur
1305 2323 1366 2398 spe
1389 2297 1461 2372 fore
1487 2294 1714 2383 confidimus,
1739 2301 1780 2367 ut

249 2417 359 2493 ductu
382 2417 606 2518 auspicioque
637 2417 790 2492 Ministri
815 2419 940 2518 Regii,
967 2419 1024 2493 cui
1051 2428 1146 2494 tante
1169 2419 1336 2517 promissa
1357 2417 1546 2506 debemus,
1569 2440 1623 2490 res
1644 2423 1780 2490 nostrae

249 2537 293 2612 ad
330 2537 463 2613 felicem
500 2538 636 2613 exitum
678 2537 928 2639 perducentur,
966 2547 1076 2636 utque
1112 2563 1153 2612 ex
1189 2539 1253 2612 hac
1285 2537 1432 2639 caligine
1462 2546 1498 2612 et
1525 2535 1677 2612 tenebris
1699 2559 1780 2610 mox

251 2657 474 2732 laetissimam
505 2657 618 2732 lucem
647 2657 893 2755 dispiciamus,
919 2682 989 2756 que
1017 2681 1102 2731 enos
1126 2656 1274 2732 illustret
1296 2657 1347 2731 sol
1369 2657 1557 2734 iustitiae.’'
1609 2655 1715 2734 Quod
1742 2663 1781 2730 nt

249 2784 389 2850 strenue
419 2776 565 2865 efficias,
605 2776 668 2851 Vir
697 2775 995 2851 Excellentissime
1028 2778 1183 2875 mihique
1214 2777 1442 2867 amicissime,
1475 2800 1579 2876 quem
1603 2775 1659 2850 hic
1683 2797 1780 2874 prae·

248 2905 381 2970 sentem
407 2894 557 2970 salutare
582 2919 707 2995 magna
728 2894 815 2969 mihi
836 2906 889 2970 est
911 2895 1015 2969 huius
1041 2895 1110 2993 diei
1136 2897 1307 2986 suavitas,
1334 2922 1395 2997 per
1414 2897 1520 2972 trium
1541 2895 1778 2983 saeculorum,

247 3016 377 3116 quibus
408 3015 492 3091 haec
523 3015 714 3091 Academia
749 3015 886 3103 floruit,
921 3014 1137 3090 carissimam
1169 3017 1369 3091 memoriam
1391 3039 1529 3091 oramus
1549 3015 1599 3088 'Pe
1624 3023 1659 3089 et
1680 3012 1777 3089 obte-

248 3146 390 3211 etamur.

296 3255 442 3330 lamed
468 3255 539 3330 Vos
565 3280 620 3330 me
643 3268 822 3344 converto,
848 3255 971 3356 optimi
996 3257 1160 3345 iuvenes,
1191 3257 1251 3355 qui
1271 3256 1479 3332 Academiae
1502 3265 1682 3355 tamquam
1708 3253 1778 3328 vita

249 3384 285 3450 et
311 3375 428 3450 anima
458 3375 552 3453 estis.
602 3376 675 3451 Vos
707 3377 771 3450 hoc
803 3400 894 3451 anno
924 3377 1047 3451 acerbe
1085 3378 1297 3477 experientia
1323 3376 1477 3465 monuit,
1510 3400 1616 3477 quam
1644 3374 1776 3450 sintin

248 3495 352 3570 rebus
384 3494 546 3570 humanis
583 3497 694 3570 tristia
725 3495 823 3571 laetis
857 3497 973 3571 mixta.
1039 3498 1131 3573 Nem
1169 3497 1293 3572 Vestro
1323 3520 1463 3596 qnoque
1486 3495 1619 3585 ordini,
1653 3493 1776 3569 eemtis

247 3615 368 3690 robore
391 3625 436 3703 xet
463 3615 578 3714 vigore
604 3615 765 3705 florenti,
791 3626 865 3692 atre
890 3641 982 3692 mora
1007 3641 1075 3692 non
1104 3617 1266 3718 pepercit.
1318 3617 1408 3692 Octo
1429 3615 1586 3716 egregios
1609 3611 1777 3690 commili-

250 3745 348 3810 tones
371 3745 590 3834 praematuro
614 3735 685 3812 lato
710 3736 819 3810 Vobis
844 3743 994 3838 ereptos,
1002 3737 1137 3813 doletis.
1189 3740 1353 3817 Quantus
1375 3735 1442 3811 fuit
1461 3735 1618 3811 omnium
1639 3734 1774 3822 luctus,

251 3879 330 3930 cum
358 3855 584 3931 nunciaretur
606 3856 724 3931 obitus
747 3880 896 3931 erconar
920 3881 1114 3948 rocnann,
1139 3857 1285 3933 eximiae
1310 3856 1383 3956 spei
1404 3853 1650 3943 adolescentis,
1675 3877 1772 3953 prae·

248 3975 444 4075 captoribus
484 3977 834 4066 commendatissimi,
872 3977 1003 4053 nemini
1038 3979 1201 4054 Vestrum
1245 4002 1314 4052 non
1352 3975 1575 4052 dilectissimi.
1625 3973 1772 4050 cMnltis

190 4105 194 4113 '
248 4094 304 4170 ille
327 4095 427 4170 bonis
450 4095 579 4179 ¹llebilis
605 4097 776 4186 occidit,”
803 4096 890 4171 nulli
912 4097 1060 4171 flebilior
1083 4121 1189 4197 qnam
1214 4095 1338 4184 metri,
1363 4117 1452 4192 quea
1475 4092 1606 4182 lilium,
1632 4092 1771 4167 delicies

249 4237 350 4303 sues,
384 4215 421 4290 in
455 4216 563 4291 oculis
597 4217 765 4317 gestabat.
816 4218 867 4290 At
900 4213 1019 4292 multia
1051 4217 1154 4292 etiem
1180 4214 1313 4291 flebiles
1340 4214 1540 4290 occiderunt
1561 4212 1770 4289 ornatissimi

252 4359 284 4408 c.
308 4359 332 4410 r.
356 4358 540 4427 aranonn,
566 4361 598 4412 r.
622 4361 661 4412 n.
686 4362 722 4413 n.
747 4360 939 4424 counitus,
965 4362 1000 4413 e.
1026 4363 1068 4415 w.
1092 4363 1116 4414 1.
1141 4360 1309 4425 aravonr,
1335 4361 1367 4412 c.
1391 4357 1426 4411 n.
1449 4357 1585 4423 soesr,
1612 4357 1637 4408 1.
1663 4355 1771 4408 cosr-

248 4477 357 4529 woun
381 4447 585 4544 urinantes,
621 4482 654 4532 e.
679 4481 703 4531 1.
727 4481 994 4534 scauuaauonn
1018 4481 1135 4533 nonna
1159 4467 1194 4532 et
1218 4481 1252 4532 a.
1279 4479 1351 4531 vsu
1375 4477 1571 4542 annuens,
1596 4452 1772 4529 carissima

246 4574 471 4671 parentibus,
502 4578 679 4677 cognatis,
712 4576 831 4650 amicis
859 4577 992 4676 capita,
1025 4603 1172 4677 quorum
1200 4577 1271 4674 Vps
1297 4576 1390 4676 piam
1415 4575 1615 4651 memoriam
1642 4599 1770 4675 magno

248 4718 326 4768 cum
359 4694 528 4770 desiderio
552 4696 614 4772 diu
637 4696 827 4773 servabitis.
878 4695 912 4769 Ο
935 4697 1102 4774 incertam
1127 4699 1216 4773 vitae
1244 4697 1356 4796 spem!
1403 4695 1544 4776 Quibus
1567 4692 1768 4770 nominibus

249 4837 267 4888 e
300 4813 423 4890 Vestro
452 4825 638 4916 nostroque
669 4839 814 4891 numero
838 4840 929 4891 anno
952 4818 1109 4917 proximo
1134 4815 1398 4918 parentabituri
1427 4817 1504 4932 'sed
1531 4812 1652 4986 mpptis
1675 4811 1769 4912 cogi-
