4962 6178
882 671 1160 742 ORATlO.
1744 673 1787 740 83

259 888 371 976 rium,
413 896 453 961 ut
493 886 609 961 viridis
645 911 685 961 ac
720 893 839 985 vegeta
872 884 948 958 Tua
986 891 1145 957 senectus
1181 880 1370 957 multorum
1409 883 1583 956 iuventuti
1615 889 1786 982 praestare
1916 923 1919 930 =

260 1008 427 1084 videatur.
479 1008 529 1081 'I'e
562 1007 653 1081 enim
689 1007 772 1080 baec
808 1004 957 1080 sedecim
989 1005 1097 1078 lustra
1131 1027 1194 1078 nec
1230 1002 1345 1078 animo
1379 1011 1441 1078 aut
1468 1028 1607 1102 corpore
1631 1003 1787 1078 fecarunt

261 1130 459 1217 infirmum,
485 1153 548 1202 neo
570 1152 590 1202 a
616 1125 720 1200 rebus
740 1126 901 1224 gerendis
918 1135 1115 1201 avocarunt.
1151 1124 1262 1200 Tanta
1283 1124 1459 1198 alacritate
1481 1130 1648 1222 tantoque
1671 1123 1788 1199 studio

262 1249 472 1325 Academiae
503 1245 696 1321 commodis
726 1245 904 1343 invigilare
937 1244 1072 1343 pergis,
1106 1251 1144 1318 ut
1175 1241 1271 1317 nulla
1303 1242 1338 1317 in
1364 1268 1400 1317 re
1424 1254 1582 1318 senectus
1603 1255 1787 1343 appareat,
1840 1317 1847 1325 ,.

263 1369 330 1444 nisi
362 1369 398 1442 in
430 1365 562 1442 consilii
596 1365 798 1441 maturitate
827 1375 862 1438 et
892 1365 1076 1465 prudentia
1100 1373 1136 1438 et
1162 1364 1375 1438 auctoritate.
1428 1365 1529 1441 Quae
1553 1389 1634 1439 cum
1662 1389 1789 1462 magna

263 1490 310 1564 sit
340 1499 375 1562 et
409 1489 484 1561 Tua
523 1493 558 1560 et
588 1494 706 1562 nostra
739 1485 906 1574 felicitas,
939 1498 992 1560 est
1017 1485 1168 1585 profecto
1191 1485 1285 1584 quod
1310 1485 1391 1560 Tibi
1412 1483 1584 1583 nobisque
1606 1484 1691 1583 ipsis
1712 1509 1789 1584 gru·

264 1609 426 1684 tulemur.
477 1603 589 1680 Valde
612 1617 730 1682 autem
752 1615 932 1705 optamus,
958 1616 997 1680 ut
1018 1607 1143 1681 dilecta
1165 1606 1244 1682 Tibi
1264 1605 1453 1680 Academia
1472 1605 1534 1678 diu
1551 1604 1600 1678 Te
1622 1604 1789 1682 Curatum

262 1751 449 1827 rarumque
484 1751 625 1801 suarum
658 1738 803 1826 patrono
841 1728 1024 1826 glorietur,
1061 1728 1179 1827 Teque
1210 1726 1255 1822 ad
1286 1735 1476 1801 extremam
1502 1751 1613 1825 usque
1637 1735 1787 1802 aetatem

264 1860 393 1921 recreet
423 1854 457 1920 et
489 1854 662 1920 sustentet
687 1845 745 1920 illa
773 1847 1003 1921 nccuacientia
1030 1849 1117 1921 hene
1141 1857 1237 1922 actae
1264 1847 1368 1936 vitae,
1395 1846 1655 1944 multorumque
1684 1847 1788 1922 bene·

263 1967 433 2043 factorum
474 1966 662 2041 recordatio
671 1967 706 2054 ,''
748 1992 853 2065 quam
893 1990 970 2042 vere
1013 1990 1145 2040 oroneo
1187 1966 1275 2040 dixit
1315 1967 1456 2041 senibus
1500 1991 1575 2040 esse
1610 1965 1790 2043 iucundis·

264 2089 398 2163 simam.
1739 2100 1741 2106 ’

311 2210 365 2284 Ex
398 2208 628 2307 professorum
659 2209 778 2283 ordine
813 2234 922 2284 unum
951 2234 1042 2284 mora
1077 2209 1211 2307 rapuit,
1247 2208 1391 2282 honesto
1414 2208 1484 2284 iam
1505 2209 1576 2283 otio
1597 2210 1791 2299 fruentem,

265 2351 467 2405 orrannum
502 2351 702 2403 counanou
735 2349 965 2404 nuaunnuuu
1000 2353 1196 2405 sournoaa.
1249 2328 1317 2401 uui
1348 2327 1420 2403 viro
1448 2330 1608 2428 egregio,
1635 2331 1679 2404 de
1703 2331 1792 2406 Aca·

264 2448 379 2522 demia
412 2447 581 2546 praeclare
611 2445 753 2536 merito,
787 2447 885 2544 pium
910 2448 1115 2545 parentendi
1141 2448 1291 2523 officium
1320 2448 1367 2522 ita
1393 2451 1597 2545 praestabo,
1624 2460 1664 2524 ut
1687 2452 1793 2525 confi·

265 2568 366 2656 dam,
398 2565 535 2640 simibi
555 2563 669 2637 desint
691 2565 796 2655 vires,
830 2566 901 2641 Vos
929 2577 1044 2642 tamen
1073 2567 1272 2641 laudaturos
1293 2592 1367 2640 esse
1395 2569 1617 2646 voluntatem.
1668 2572 1794 2669 Neque

264 2689 356 2762 enim
394 2710 512 2760 meum
548 2693 601 2757 est
636 2683 826 2762 medicinae
863 2687 1090 2784 professorem
1125 2710 1190 2760 suc
1221 2687 1332 2786 pretio
1371 2688 1573 2777 aestimare,
1618 2690 1680 2788 qui
1717 2715 1796 2765 meu

264 2807 418 2882 encomio
443 2828 513 2878 non
537 2803 693 2901 indiget,
723 2828 785 2878 nec
813 2805 883 2880 Vos
907 2833 929 2880 a
954 2832 1012 2882 me
1038 2805 1265 2905 exspectatis,
1293 2814 1332 2879 ut
1357 2805 1512 2882 defuncti
1538 2807 1726 2908 imaginem
1750 2810 1796 2885 ιιι

265 2928 382 3003 vivum
419 2925 626 3024 depingam,
661 2922 697 2996 in
736 2925 865 3000 recenti
896 2926 994 3004 luotu
1028 2925 1143 3001 adhuc
1181 2925 1306 2999 animis
1340 2925 1475 3001 Vestris
1505 2928 1659 3027 ipsisque
1687 2932 1795 3006 oculis

263 3047 509 3122 inhaerentem.
570 3043 642 3117 Alii
680 3044 784 3119 vitam
821 3049 958 3147 copiose
1003 3049 1214 3140 narrabunt,
1253 3045 1376 3123 marita
1410 3045 1446 3120 in
1482 3054 1591 3120 artem
1625 3050 1797 3128 medicam

266 3170 423 3236 accurate
457 3165 650 3259 exponent,
686 3161 812 3259 scripta
846 3163 945 3238 docte
979 3163 1230 3252 recensebunt,
1265 3189 1531 3241 sunruoauruu
1563 3167 1714 3267 denique
1745 3171 1796 3246 ita

266 3280 480 3368 laudabunt,
518 3287 557 3354 ut
593 3279 669 3379 ipso
705 3281 812 3380 digna
848 3279 893 3354 sit
928 3277 1093 3354 laudatio.
1145 3277 1319 3377 Equidem
1353 3281 1474 3380 paucis
1506 3289 1642 3358 tantum
1673 3286 1797 3384 optimi

267 3400 329 3476 viri
354 3399 556 3475 memoriam
581 3401 750 3490 recolam,
776 3426 820 3475 ne
844 3400 968 3499 pietati
994 3399 1144 3475 defuisse
1170 3400 1295 3476 videar.

315 3519 422 3598 Quod
457 3544 561 3618 supra
588 3505 766 3609 dicebam,
802 3522 838 3595 in
867 3521 1013 3595 medicis
1039 3522 1166 3595 nostris
1192 3547 1328 3620 semper
1353 3521 1484 3621 aliquid
1510 3511 1819 3625 Hippocratioum'

265 3638 493 3728 habitavisse,
518 3640 575 3729 id,
602 3641 630 3715 si
656 3643 822 3741 exemplis
849 3650 939 3716 esset
965 3641 1241 3731 ostendendum,
1268 3643 1377 3740 ipsius
1399 3665 1617 3718 soaruanau
1638 3645 1796 3742 exemplo

265 3761 494 3836 ostenderem.
557 3763 640 3850 Erat
672 3762 764 3838 enim
796 3763 970 3862 genuinus
997 3761 1092 3835 illius
1116 3761 1250 3836 scholae
1278 3758 1461 3848 alumnus,
1488 3785 1613 3860 quam,
1639 3786 1659 3835 ι
1685 3785 1795 3836 sonn-

266 3905 383 3956 navro
410 3881 605 3972 conditam,
632 3882 734 3982 longa
758 3883 974 3958 medicorum
1002 3884 1106 3957 series
1136 3884 1172 3956 in
1200 3881 1392 3957 Academia
1419 3889 1535 3956 nostra
1562 3880 1686 3955 eximie
1714 3907 1795 3958 con·

266 4001 424 4077 tinuavit.
488 4002 750 4079 Οοιιιιιιιιιιιιιιι
782 4005 886 4080 etiam
924 4029 964 4080 u.
994 4029 1022 4080 s.
1047 4029 1096 4079 nn
1122 4028 1206 4091 rur,
1247 4024 1533 4090 saunrroamos,
1571 4025 1794 4096 uuaussrus,

268 4144 504 4213 sarnanum,
554 4147 831 4212 annueramus,
880 4123 1008 4222 quibus
1056 4149 1140 4199 usus
1179 4133 1231 4198 est
1276 4123 1567 4224 praeceptoribus.
1633 4125 1794 4203 Quorum

269 4242 470 4318 auctoritate
501 4252 537 4317 et
574 4244 715 4318 monitis
749 4245 919 4319 excitatus
949 4244 1107 4319 intimam
1131 4245 1201 4318 iam
1228 4244 1430 4320 adolescens
1455 4269 1536 4320 cum
1563 4268 1796 4320 uresoonanu

269 4362 438 4437 contraxit
469 4362 745 4440 familiaritatem.
796 4366 921 4464 Neque
952 4391 993 4440 ea
1024 4390 1100 4454 res,
1138 4373 1274 4440 nostrae
1302 4366 1424 4442 aetatis
1452 4364 1615 4440 studiosis
1643 4365 1698 4440 vix
1722 4392 1793 4441 cre-

269 4480 406 4571 dibilis,
431 4481 489 4557 illo
509 4491 664 4582 tempora
691 4485 776 4559 adeo
800 4494 873 4561 erat
898 4484 1117 4583 infrequens,
1143 4511 1221 4561 cum
1248 4487 1389 4562 iuvenes
1413 4485 1604 4561 medicinae
1628 4486 1792 4562 destinati

268 4601 305 4675 in
345 4600 465 4700 lingua
501 4605 631 4678 Graeca
664 4605 713 4679 ita
744 4606 868 4681 versati
901 4630 976 4679 esse
1010 4606 1180 4697 solerent,
1212 4617 1250 4682 ut
1275 4608 1311 4682 in
1335 4629 1566 4682 nmeocaarn
1588 4618 1624 4682 et
1648 4631 1792 4684 crunno

269 4721 414 4797 minime
451 4722 602 4822 hospites
638 4734 763 4799 essent.
816 4725 1069 4801 Suuruoaarua
1103 4735 1219 4802 autem
1255 4727 1291 4801 in
1323 4728 1416 4804 hisce
1443 4728 1568 4803 studiis
1592 4727 1791 4805 excellebat.

270 4842 463 4919 Literarum
489 4870 642 4920 umorem
666 4872 687 4921 a
714 4855 830 4946 patre,
856 4847 891 4920 in
917 4846 981 4922 hae
1001 4848 1190 4923 Academia
1213 4847 1405 4948 theologiae
1431 4849 1621 4949 professore
1642 4848 1791 4924 celeber·

1598 4971 1619 5040 b
