4962 6178
745 669 787 735 78
1228 657 1420 724 saulus
1455 653 1784 722 tuctrortuu.

843 873 1067 950 Orationibus
1103 869 1215 943 Sacris
1251 872 1437 965 praeerunt
1466 875 1492 935 Ι.
1514 875 1553 935 Η.
1574 873 1802 944 εοΗΟΙΛῈΝ,
1831 876 1867 933 Α.
1888 871 2072 956 KUantrt,

888 1003 912 1061 1.
933 1000 959 1058 1.
980 997 1094 1058 rarus
1119 989 1155 1055 et
1178 989 1212 1050 n.
1235 991 1272 1049 o.
1293 989 1328 1049 n.
1350 987 1650 1058 RAUWENHOFF,
1678 977 1804 1051 diebus
1830 987 1865 1049 er
1891 975 1983 1053 horis
2006 977 2073 1054 eibi

888 1113 924 1181 ot
944 1102 1148 1181 candidatis
1168 1099 1375 1200 Theologine
1397 1097 1588 1174 commodis
1599 1101 1622 1186 ;'
1637 1137 1682 1147 -
1703 1097 1841 1196 publico
1871 1098 2076 1200 disputandi

887 1223 1206 1312 exercitationibus,
1232 1222 1289 1297 die
1313 1221 1481 1312 Veneris,
1516 1269 2074 1297 ................
2121 1221 2205 1298 hora
2229 1225 2268 1298 11.

921 1464 1170 1541 FACULTAS
1195 1461 1589 1538 DISCIPLINARUM
1612 1459 2089 1536 MA'I'HEMATIOARUM

1297 1585 1360 1658 ΕΤ
1384 1581 1718 1658 PHYSICARUM.

745 1845 781 1904 A.
802 1838 843 1898 Η.
862 1837 946 1896 VAN
969 1835 1047 1896 unu
1067 1830 1178 1893 ΒοοΝ
1200 1830 1331 1892 Musca
1352 1821 1534 1920 (thymiam
1558 1843 1740 1920 corporum
1762 1819 2002 1920 organicorum
2018 1845 2076 1896 ex·

793 1954 919 2047 ponet,
954 1942 1078 2017 diebus
1103 1940 1243 2028 Lunae,
1278 1941 1422 2030 Martis,
1457 1941 1624 2016 Mercurii
1647 1952 1683 2015 et
1708 1942 1800 2016 lovis
1810 1997 2077 2032 ........
2215 1946 2268 2020 ΙΧ.

839 2065 1045 2164 Chymiam,
1071 2085 1160 2158 quae
1185 2062 1390 2158 auorganioa
1416 2067 1575 2150 vocatur,
1604 2059 1762 2151 docebit,
1787 2061 1911 2136 iisdem
1935 2060 2080 2150 diebus,
2215 2063 2269 2140 rt

840 2191 962 2266 Artem
992 2182 1306 2283 pharmaceuticum
1330 2181 1551 2256 theoreticam
1577 2189 1613 2255 et
1641 2181 1944 2281 experimentalem
1972 2205 2076 2282 expo

890 2315 969 2395 net,
995 2304 1119 2378 diebus
1141 2303 1262 2377 Lunne
1287 2311 1322 2374 et
1347 2302 1511 2378 Mercurii
1521 2353 2075 2391 ................
2201 2305 2269 2379 xll.

842 2425 1088 2502 Oeconominm
1114 2422 1261 2496 ruralem
1289 2422 1423 2528 tradet,
1453 2422 1577 2497 diebus
1602 2422 1726 2497 Martis
1751 2430 1787 2498 et
1810 2423 1903 2498 Iovio
1911 2481 2077 2514 .....
2202 2425 2270 2502 XII.

845 2548 1027 2648 Ohyminm
1053 2541 1274 2618 theoreticam
1301 2549 1469 2640 exponat,
1496 2539 1620 2614 diebus
1645 2541 1771 2616 Martis
1795 2549 1831 2615 ot
1856 2543 1967 2632 Iovia,
1993 2601 2001 2616 .
2030 2600 2039 2618 .
2066 2601 2074 2618 .
2246 2545 2270 2620 l.

843 2668 1087 2768 Experimento
1120 2663 1329 2738 instituendi
1363 2671 1471 2737 artem
1513 2660 1651 2735 docebit
1677 2671 1712 2737 et
1737 2663 1910 2739 Exercitia
1930 2663 2080 2763 practica

892 2790 927 2863 in
954 2785 1178 2862 Laboratorio
1205 2782 1443 2858 moderabitur
1467 2780 1633 2880 quotidie.

843 2913 934 2986 Cum
972 2906 1135 2982 studiosis
1167 2903 1437 3003 provectioribus
1469 2902 1513 2976 do
1545 2903 1764 3003 Physiologia
1796 2904 1953 3004 chymica
1977 2907 2078 2981 collo-

892 3038 1038 3128 quatur,
1071 3025 1127 3097 die
1151 3019 1313 3112 Veneris,
1347 3023 1429 3098 hora
1455 3023 1647 3122 vespertina
1655 3081 2076 3114 ............
2122 3024 2270 3102 V—Vll.

748 3167 781 3226 P.
801 3165 834 3225 11·
856 3159 971 3221 uultu
1014 3143 1195 3243 Physicam
1238 3142 1539 3242 experimentnlem
1583 3144 1739 3234 docebit,
1779 3145 1903 3221 diebus
1939 3147 2077 3236 Lunna,

796 3269 941 3356 Martie,
968 3264 1131 3339 Mercurii
1154 3272 1190 3337 et
1215 3264 1324 3352 Iovis,
1371 3322 2071 3344 ....................
2205 3268 2272 3342 Xll.

844 3391 899 3466 De
920 3385 1086 3486 Physieea
1105 3383 1277 3482 capitibus
1299 3384 1432 3459 selectis
1456 3385 1557 3459 letius
1579 3395 1614 3459 et
1627 3385 1744 3460 tucos
1761 3385 1926 3476 disseret,
1951 3384 2076 3462 diebus

894 3508 1015 3581 Lunae
1040 3517 1074 3578 et
1103 3503 1287 3591 Mercurii,
1330 3561 2072 3584 .....................
2234 3511 2272 3585 K

845 3628 1026 3727 Physicam
1053 3623 1336 3699 Mathematieom
1365 3624 1499 3712 tradet,
1527 3623 1651 3699 diebus
1673 3625 1799 3700 Mortis
1823 3634 1859 3700 ot
1889 3627 2005 3716 Iovis,
2031 3681 2040 3704 .
2069 3686 2077 3702 .
2235 3631 2274 3704 ll.

843 3746 1127 3844 Meteorologiam
1156 3751 1325 3843 exponet,
1351 3743 1408 3817 die
1432 3743 1549 3832 Iovis,
1707 3801 2078 3825 ...........
2234 3749 2274 3823 lh

843 3868 1025 3943 Exercitiis
1051 3865 1200 3965 physicis
1225 3864 1385 3963 practicis
1410 3864 1577 3964 praetirit,
1603 3864 1768 3964 quotidie.
2076 3851 2083 3864 ⁸

753 3999 1099 4060 W.F.R.SUR1NGAR
1114 3983 1410 4084 Morphologlam,
1427 3983 1635 4058 anatomiam
1655 3991 1689 4056 et
1708 3983 1957 4092 physiologiam
1980 3985 2077 4086 plan·

798 4114 910 4180 tarum
940 4113 1106 4203 exponet,
1133 4105 1258 4179 diebus
1284 4104 1468 4192 Mercurii,
1496 4104 1589 4178 Iovis
1614 4111 1649 4178 et
1674 4100 1838 4194 Veneris,
1878 4161 2074 4182 ......
2250 4111 2275 4186 Ι.

848 4224 1141 4322 Phytogrnphiam
1163 4234 1198 4298 et
1219 4223 1449 4298 toxonomiam
1472 4223 1629 4311 docebit,
1654 4223 2076 4324 selectosqueplantorum

896 4343 1042 4417 familias
1067 4343 1269 4442 explicabit,
1297 4343 1421 4440 diebus
1446 4343 1611 4422 Mercurii
1636 4350 1672 4418 et
1697 4343 1810 4433 Iovis,
1849 4395 2080 4421 .......
2229 4346 2276 4434 ll,

947 4471 981 4536 et
1005 4463 1062 4536 die
1088 4461 1251 4550 Veneris,
1301 4511 2082 4539 ......................
2114 4495 2120 4504 ·
2221 4465 2275 4546 lll.

847 4581 1118 4656 Exercitationes
1144 4583 1179 4656 in
1208 4591 1382 4656 structura
1408 4581 1604 4679 plantarum
1630 4603 1697 4679 opo
1725 4580 1939 4680 microsoopii
1962 4583 2081 4684 explo-

897 4701 1004 4776 rnnda
1031 4703 1282 4788 moderabitur,
1310 4701 1367 4776 dio
1392 4700 1557 4790 Veneris,
1602 4751 2086 4776 ..............
2143 4701 2277 4791 ll-lV,

948 4831 983 4894 ct
1008 4819 1296 4918 provectioribus,
1322 4820 1480 4920 quotidie
1505 4819 1549 4894 ab
1596 4870 2079 4894 ..............
2236 4821 2278 4893 L
