4962 6178
913 677 1191 749 onnTlQ
1771 683 1814 752 w

258 913 422 966 causam
457 896 538 990 apte
569 887 685 964 referri
718 895 842 988 potest.
893 887 1003 962 Verae
1027 887 1122 962 eninr
1144 886 1331 976 libertatis,
1356 911 1447 988 quae
1469 887 1506 962 in
1528 888 1645 965 animo
1670 897 1706 966 at
1729 915 1810 966 con·

283 1009 426 1086 amentia
450 1017 647 1110 spectatur,
680 1009 757 1084 fons
785 1015 839 1082 est
861 1017 897 1082 et
921 1007 1131 1108 principium
1159 1007 1346 1108 sapientia,
1381 1031 1464 1083 sana
1487 1007 1545 1084 illa
1572 1033 1688 1085 rerum
1710 1009 1812 1086 intel·
1949 1093 1950 1098 ,

285 1130 447 1229 figentia,
473 1154 563 1228 quae
588 1152 665 1204 vera
688 1154 708 1203 a
731 1127 847 1220 falsis,
874 1135 967 1204 recta
990 1153 1011 1205 a
1038 1129 1225 1227 perversis,
1259 1127 1368 1204 solida
1393 1153 1434 1203 ac
1457 1128 1622 1204 duratura
1644 1129 1689 1206 ab
1717 1130 1814 1207 inani

285 1250 399 1352 specie
422 1248 626 1348 distinguit,
652 1256 876 1348 mentemque
898 1249 945 1325 ad
967 1248 1139 1347 praeclara
1160 1273 1321 1348 quaeque
1342 1247 1487 1326 extollit.
1521 1251 1575 1324 En
1599 1273 1677 1326 raro
1698 1251 1814 1350 ipsum

287 1371 394 1460 illud,
426 1369 521 1468 quod
550 1367 587 1442 in
609 1368 825 1445 instituenda
851 1369 1031 1445 iuventute
1058 1378 1141 1444 ante
1162 1369 1278 1446 omnia
1301 1367 1548 1446 elaborandum
1572 1394 1647 1446 esse
1670 1396 1813 1447 censue·

286 1501 369 1566 runt
405 1489 529 1588 optimi
561 1488 711 1588 quique,
745 1489 871 1588 quiin
912 1490 974 1565 hac
1005 1489 1194 1565 Academia
1221 1489 1379 1566 docuere.
1429 1489 1510 1578 Non
1536 1490 1600 1565 hoc
1621 1494 1815 1569 curandum

287 1610 354 1686 sibi
377 1608 641 1698 existimarunt,
667 1617 837 1708 utquam
864 1609 1051 1684 maximam
1078 1610 1283 1685 eruditionis
1309 1610 1443 1709 copiam
1473 1609 1628 1709 undique
1653 1637 1815 1713 congere·

286 1737 363 1806 rent
398 1729 578 1829 discipuli,
615 1729 677 1803 sed
712 1738 751 1805 ut
789 1737 880 1805 recte
913 1731 1105 1829 intelligere
1139 1755 1178 1806 ac
1212 1754 1276 1804 suo
1308 1732 1399 1804 stare
1430 1729 1578 1821 iudicio,
1611 1731 1748 1823 idest,
1775 1743 1815 1810 ut

287 1873 405 1950 sapere
434 1848 615 1925 discerent.
668 1850 742 1924 Neo
768 1873 885 1925 vercor
914 1849 1071 1949 nequid
1099 1850 1143 1925 de
1166 1850 1310 1925 aliorum
1336 1848 1438 1924 aude
1460 1849 1615 1949 iniquius
1636 1852 1815 1932 detrahere

288 1970 420 2062 videar,
456 1969 485 2044 si
519 1970 725 2044 contendam
763 1973 895 2071 regiam
922 1971 1010 2046 hano
1038 1969 1184 2046 docendi
1208 1970 1300 2044 viam
1326 1976 1552 2048 monstratam
1576 1997 1652 2048 esse
1674 2000 1715 2050 ao
1739 2000 1816 2052 mu·

286 2089 395 2165 uitam
425 2115 446 2164 a
472 2089 618 2165 summis
640 2089 709 2165 illis
733 2091 769 2166 in
795 2101 952 2166 veterum
977 2090 1154 2166 literarum
1180 2089 1360 2190 disciplina
1381 2091 1564 2182 heroibus,
1589 2093 1650 2191 qui
1671 2094 1816 2170 Univer-
1854 2179 1858 2186 .
1911 2189 1918 2200 ¹

279 2211 425 2285 aitatem
461 2217 613 2283 nostram
642 2233 704 2309 per
739 2211 805 2286 tria
844 2212 979 2287 saecula
1000 2207 1080 2285 'non
1115 2211 1307 2310 interrupta
1333 2236 1442 2311 paene
1469 2211 1556 2288 serie
1578 2212 1816 2293 nobilitarunt.

288 2331 340 2405 Hi
357 2329 450 2405 enim
472 2353 665 2405 arosnruo
689 2330 771 2406 inde
798 2356 1003 2407 scanrenno
1026 2332 1071 2407 ad
1095 2354 1265 2406 conanum
1289 2355 1399 2430 usque
1423 2339 1580 2407 nostrum
1606 2357 1741 2434 semper
1765 2337 1814 2412 sic

274 2450 459 2538 tabuere,
487 2459 630 2524 *tractem
665 2449 941 2548 interpretandi,
978 2451 1219 2549 grammatices
1254 2459 1289 2526 et
1325 2451 1458 2526 critices
1491 2452 1726 2530 fundamentis
1763 2457 1815 2532 in·

288 2570 427 2657 nixam,
454 2569 657 2669 primarium
682 2593 758 2643 esse
780 2570 951 2671 philologi
971 2570 1146 2646 officium'’
1168 2573 1214 2663 ⁸).
1265 2574 1485 2674 Quapropter
1508 2575 1545 2651 in
1573 2575 1728 2653 docendo
1753 2579 1817 2654 hac

288 2697 483 2765 constanter
514 2690 644 2763 ratione
674 2689 729 2762 usi
752 2698 860 2779 sunt,
887 2699 927 2765 ut
949 2697 985 2765 et
1011 2691 1255 2789 grammatica,
1282 2716 1351 2790 qua
1373 2693 1467 2770 nulla
1488 2701 1542 2769 est
1568 2720 1623 2772 ars
1646 2697 1692 2772 ad
1716 2722 1815 2774 exco-

291 2808 431 2882 lendum
462 2806 618 2880 animum
638 2807 826 2898 efficacior,
853 2817 889 2882 et
913 2808 1052 2884 assidua
1075 2809 1249 2884 facultatis
1269 2810 1406 2886 criticae
1430 2814 1691 2905 exercitatione,
1717 2818 1816 2893 audi·
1877 2895 1879 2900 .

289 2934 402 3003 torum
440 2925 580 3026 ingenia
612 2926 743 3000 alerent
774 2951 814 3002 ao
844 2927 1122 3015 corroborarent,
1155 2927 1325 3027 imprimis
1348 2955 1426 3005 vero
1446 2933 1623 3009 iudicandi
1642 2936 1816 3016 solertiam

289 3055 460 3123 acuerent.
515 3047 572 3121 Ab
606 3046 659 3120 his
693 3045 802 3145 igitur
833 3047 978 3122 iuvenes
1014 3046 1123 3122 nostri
1157 3046 1326 3136 didicere,
1364 3074 1432 3124 non
1467 3052 1579 3128 solum
1609 3053 1818 3135 immortalia

289 3167 506 3266 antiquitatis
538 3173 763 3242 monumenta
797 3167 979 3256 admirari,
1005 3167 1198 3268 genuinum
1223 3166 1391 3243 libertatis
1418 3193 1570 3246 amorem
1594 3171 1724 3272 ubique
1747 3177 1816 3276 spi·

289 3287 421 3375 raetia,
457 3287 520 3362 sad
552 3286 671 3374 etiam
696 3286 781 3385 quid
818 3301 936 3364 verunt
972 3297 1007 3364 at
1035 3298 1169 3364 rectum
1195 3298 1286 3364 esset
1315 3289 1507 3366 manifestis
1530 3292 1668 3370 indiciis
1690 3294 1816 3372 macer·

173 3397 179 3413 '
291 3431 392 3496 nere,
429 3430 548 3482 sanam
581 3405 618 3480 in
648 3407 811 3486 omnibus
848 3411 1015 3485 rationem
1039 3409 1160 3508 sequi,
1184 3409 1272 3484 nihil
1294 3418 1422 3486 temere
1443 3413 1600 3505 credere,
1627 3439 1690 3491 nec
1713 3417 1814 3516 quid·

290 3549 396 3625 quam
425 3525 586 3625 amplecti
618 3525 685 3600 nisi
713 3527 810 3626 quod
833 3536 967 3605 certum
988 3537 1080 3605 esset
1105 3538 1140 3604 et
1168 3539 1384 3631 compertum
1406 3539 1443 3608 et
1462 3533 1698 3635 exploratum,
1724 3536 1816 3612 illins

291 3648 462 3750 praecepti
497 3671 685 3737 memores,
723 3651 760 3724 in
800 3675 870 3749 quo
907 3653 1102 3728 studiorum
1132 3661 1312 3753 tamqnam
1344 3677 1465 3730 norma
1494 3678 1535 3729 ac
1561 3655 1681 3754 regula
1703 3657 1815 3753 posita

292 3778 401 3845 esset:
436 3768 549 3844 omnis
582 3769 756 3844 solidioris
793 3773 957 3848 scientiae
994 3773 1260 3848 fundamentum
1294 3797 1368 3848 esse
1397 3771 1660 3848 dubitationem.
1710 3775 1814 3850 Prae·

293 3900 403 3978 terea,
439 3889 534 3988 quod
570 3913 747 3965 summum
777 3901 851 3982 est,
889 3893 1086 3970 didicerunt
1112 3894 1167 3969 rui
1189 3919 1286 3983 esse,
1319 3917 1382 3968 nec
1409 3891 1522 3968 iurare
1548 3892 1584 3966 in
1611 3893 1714 3970 verba
1741 3918 1813 3969 ma·

210 3991 212 3996 ¹
292 4009 391 4111 gistri
419 4007 482 4084 aut
505 4029 526 4083 a
549 4010 741 4109 cuiuspiam
770 4013 973 4112 anctoritate
999 4015 1159 4114 pendere.
1211 4012 1367 4101 Videtis,
1392 4011 1491 4102 Aa,
1517 4014 1813 4111 quemadmodum

294 4132 342 4206 sic
374 4153 444 4206 non
474 4130 610 4205 scholae
642 4140 796 4221 tantum,
814 4127 892 4208 'sed
919 4133 1008 4210 ritas
1033 4133 1227 4210 didicerint.
1278 4131 1430 4221 Videtis,
1455 4157 1545 4232 quas
1574 4133 1633 4209 tali
1659 4133 1814 4212 doctrina

294 4259 331 4324 et
357 4252 518 4350 exemplo
539 4251 575 4325 in
604 4251 738 4327 animos
762 4252 1032 4328 adolescentium
1053 4278 1170 4353 sparsa
1194 4251 1322 4328 fuerint
1343 4252 1511 4329 libertatis
1534 4256 1676 4331 semina.
1716 4255 1815 4334 Quid

293 4370 414 4446 enimf
460 4371 501 4446 In
533 4371 598 4446 hac
631 4372 746 4449 schola
782 4373 933 4448 instituti
964 4375 1086 4474 hisque
1110 4373 1299 4474 praeceptis
1325 4372 1473 4462 imbuti,
1507 4397 1589 4449 oum
1612 4374 1658 4450 ad
1683 4374 1813 4450 virilem

295 4497 444 4564 aetatem
468 4491 702 4590 pervenerint,
731 4501 770 4567 ut
789 4494 927 4594 negotia
947 4493 1087 4593 publica
1110 4505 1309 4594 capessant,
1334 4517 1448 4569 nonne
1472 4517 1679 4594 generosum
1700 4492 1814 4594 digni·

295 4609 378 4684 tatis
416 4632 499 4685 suaa
532 4635 672 4698 sensum
706 4614 765 4687 ita
788 4614 1006 4705 retinebunt,
1043 4622 1083 4690 ut
1116 4640 1179 4691 nac
1214 4614 1310 4690 vanis
1335 4612 1538 4713 opinionum
1562 4615 1814 4690 commentisa

294 4738 387 4805 recto
418 4729 556 4806 tramite
590 4732 816 4833 abripiuntur,
853 4760 916 4811 nec
946 4737 982 4811 in
1017 4736 1121 4814 rebus
1159 4735 1320 4813 humanis
1351 4742 1414 4810 aut
1446 4733 1571 4810 divinis
1605 4733 1673 4809 vim
1702 4733 1814 4809 sibia

295 4850 456 4950 quopiam
479 4851 596 4928 inferri
616 4834 817 4954 patiantur?
852 4857 923 4932 Res
941 4857 1016 4958 ipse
1035 4857 1198 4958 loquitur,
1225 4881 1289 4931 neo
1309 4853 1437 4932 desunt
1456 4855 1596 4957 egregia
1614 4855 1651 4930 in
1671 4852 1813 4930 historin

1593 4973 1645 5048 gs
