4962 6178
557 1463 717 1578 ACTA
746 1461 824 1574 ET
854 1462 1049 1576 GESTA
1078 1461 1146 1573 IN
1176 1459 1419 1574 SRNA'fU
1459 1501 1463 1514 ·

480 1751 542 1834 ru
581 1715 1502 1836 scanuumuuanurro-samva

864 2095 1126 2110 *ρ’-

900 2359 942 2431 Α.
972 2357 1077 2430 1873.

236 2557 303 2630 Die
354 2559 449 2629 Rm.
479 2551 574 2628 Maii.
611 2550 701 2624 Clar.
727 2549 763 2622 S.
787 2549 821 2624 S.
849 2547 1056 2624 Rosenstein
1081 2571 1211 2622 munus
1233 2546 1432 2645 auspicatur
1457 2547 1576 2622 habita
1608 2545 1761 2622 oratioue

406 2669 620 2770 inaugurali,
646 2693 804 2744 sermone
828 2668 1030 2756 vernaculo,
1054 2666 1156 2742 cuius
1179 2661 1443 2766 argumentum:
1486 2668 1575 2744 Oucr
1598 2669 1662 2746 den
1687 2677 1759 2743 oot-
1908 2768 1912 2777 ι

405 2791 689 2887 wikkels'npspanp
716 2791 777 2862 der
799 2789 1136 2888 wetenscdappelijke
1152 2789 1415 2882 ,cancerauma

240 2911 305 2985 Die
354 2915 449 2983 4m.
477 2907 649 2982 Octobris.
713 2905 841 2979 Rector
878 2905 923 2980 ad
962 2906 1130 2979 Senatum
1170 2904 1291 2994 refert,
1333 2932 1370 2981 se
1406 2931 1519 3008 nuper
1559 2906 1616 2980 die
1653 2907 1761 2996 festo,

408 3028 555 3103 Bricllae
567 3025 757 3115 celebrato,
773 3025 971 3100 interfuisse
983 3025 1138 3102 mnvivio
1146 3079 1157 3118 ,
1172 3050 1242 3125 quo
1255 3025 1375 3125 oppidi
1388 3026 1614 3126 magistratus
1627 3026 1761 3124 Regem

398 3146 709 3246 'Angustissimum
744 3151 963 3243 exceperunt.
1014 3142 1071 3216 Ibi
1110 3167 1146 3218 se
1179 3145 1388 3221 Academiae
1426 3145 1607 3222 Ieideusis
1652 3147 1765 3221 verbis

410 3269 541 3366 Regem
583 3264 732 3340 officiose
768 3265 946 3339 salutasse.
1007 3263 1142 3363 Regem
1175 3273 1292 3340 autern
1325 3266 1371 3341 ad
1409 3290 1487 3341 eam
1521 3265 1763 3342 salutationem

412 3386 661 3463 humanissime
687 3384 925 3484 respondisse,
952 3408 1065 3460 caram
1088 3384 1155 3459 sibi
1182 3391 1217 3459 et
1239 3385 1517 3462 commendatam
1538 3411 1675 3487 semper
1690 3411 1764 3461 esse

408 3506 632 3582 Academiam
672 3513 848 3593 nostram,
882 3505 919 3578 in
952 3529 1022 3602 qua
1052 3505 1127 3603 ipse
1156 3504 1236 3580 olim
1253 3580 1256 3588 ,
1271 3507 1403 3583 studiis
1424 3531 1565 3607 operam
1595 3507 1763 3596 dedisset,

407 3628 535 3725 cuique
558 3633 748 3724 utrumque
772 3625 882 3700 filium
908 3624 1137 3700 erudiendum
1160 3627 1398 3705 commisisset.
1429 3628 1522 3702 Tum
1538 3651 1617 3702 varo
1631 3628 1764 3725 Regem

409 3746 476 3820 sibi
509 3746 650 3821 Rectori
677 3745 807 3820 diserte
830 3744 1045 3834 wmendasse,
1079 3752 1120 3820 ut
1148 3745 1316 3822 Senatum
1345 3747 1523 3823 certiorem
1552 3745 1700 3833 faceret,
1729 3770 1765 3819 se

411 3867 487 3941 Deo
518 3865 653 3942 volente
687 3865 934 3942 interfuturum
967 3865 1056 3941 festo
1086 3865 1250 3942 saeculari
1280 3867 1325 3944 ab
1356 3865 1547 3944 Academia
1572 3889 1654 3941 mox
1678 3866 1763 3941 cele·

412 3988 558 4064 brando.
608 3988 756 4064 Senatus
781 3987 890 4086 Regis
915 3986 1123 4087 promissum
1148 3993 1268 4086 gratus
1292 3987 1434 4088 aceepit.

244 4109 309 4184 Die
337 4113 385 4186 24
409 4134 455 4184 m.
482 4108 654 4186 Octobris.
717 4108 922 4183 Recitautur
942 4107 1059 4182 literae
1080 4106 1300 4198 curatorum,
1325 4107 1454 4208 quibus
1476 4106 1669 4196 nuntiatur,
1692 4107 1764 4182 viro

413 4228 491 4304 clar.
517 4227 595 4304 Van
622 4229 683 4304 der
704 4229 803 4304 Boon
827 4227 963 4316 Mesch,
990 4226 1226 4303 inFacuftate
1247 4227 1518 4328 Disciplinarum
1541 4227 1764 4304 Mathemati-

415 4373 531 4428 earurn
554 4353 590 4424 et
611 4349 835 4449 Physicarum
863 4347 1070 4435 Professori‚
1095 4347 1301 4424 valetudinis
1323 4372 1428 4426 eausa
1449 4348 1633 4426 honestum
1654 4348 1763 4424 otium

417 4493 490 4542 esse
514 4492 727 4543 concessum.
1226 4472 1229 4478 '

466 4587 586 4664 Refert
617 4587 755 4674 Rector,
779 4612 815 4660 se
840 4587 898 4662 die
919 4590 967 4662 23
991 4587 1204 4688 Septembris
1228 4612 1308 4664 cum
1334 4587 1500 4666 Actuario
1525 4588 1651 4664 adiisse
1677 4590 1765 4664 viros

413 4707 495 4785 ufar.
517 4707 636 4784 Simon
660 4707 810 4783 Thomas
829 4716 864 4781 et
885 4706 1052 4806 Krieger,
1077 4715 1158 4784 ante
1176 4711 1222 4784 25
1245 4715 1354 4784 annos
1372 4709 1584 4786 Professores
1598 4710 1634 4785 iu
1649 4720 1766 4785 nostra

414 4827 603 4902 Academia
622 4835 768 4916 creatos,
786 4828 898 4926 iisque
914 4829 1062 4906 Senatus
1079 4830 1191 4905 verbis
1205 4830 1300 4908 diem
1313 4829 1440 4908 festum
1453 4855 1528 4908 esse
1540 4830 1764 4932 gratulatum.

1547 4953 1568 5024 7
1578 4948 1599 4993 Ι
