4962 6178
524 1693 757 1757 noluemus
780 1690 1168 1755 anunente-Barnun

523 1818 769 1891 CURATORES,
791 1819 1075 1891 Pnonussonns,
1096 1818 1309 1891 Domuum,

528 1943 745 2016 rumonus,
767 1943 939 2015 ALUMNT,

525 2067 748 2130 AUDITORES
770 2067 1058 2139 HUMANISSIML

335 2451 475 2527 Faustis
508 2450 683 2524 ominibus
709 2449 928 2545 auspicamur
956 2448 1058 2520 hodie
1086 2449 1295 2524 Academiae
1323 2455 1460 2523 nostrae
1489 2471 1618 2523 aunum
1647 2454 1814 2520 trecente·

290 2571 428 2644 simum·
478 2570 603 2642 Novus
638 2569 764 2642 Rector
804 2567 1032 2664 Magnificus,
1071 2567 1128 2640 cui
1163 2568 1301 2642 iamiam
1338 2569 1447 2644 lesnes
1487 2569 1677 2643 traditurus
1716 2591 1815 2656 sum,

289 2715 370 2765 cum
402 2713 545 2762 munere
572 2687 735 2774 decedet,
770 2685 895 2759 Almae
918 2686 1036 2759 Matris
1060 2687 1247 2760 saecularia
1271 2690 1372 2764 tertia
1393 2690 1611 2787 frequentes,
1639 2696 1678 2761 ut
1700 2711 1814 2784 spera·

292 2833 393 2897 mus,
429 2819 464 2881 et
500 2805 580 2880 laeti
615 2805 944 2880 concelebrabimua.
996 2805 1043 2877 Et
1079 2806 1143 2877 erit
1173 2806 1345 2903 prolecto,
1371 2833 1433 2883 our
1460 2818 1531 2883 tam
1560 2807 1736 2880 lortnnato
1762 2804 1818 2878 die

292 2928 508 3028 gaudeamus
531 2936 566 2998 et
592 2934 665 3000 tota
690 2926 871 3000 nobiscum
899 2925 1010 3023 patria
1035 2925 1196 3024 gaudeat.
1248 2928 1286 3000 Si
1311 2929 1396 3026 quid
1424 2929 1517 3004 enim
1544 2935 1596 3002 est
1619 2951 1689 3025 quo
1711 2926 1819 2998 Neer-

293 3047 408 3124 lundis
440 3055 556 3120 nostra
591 3047 666 3120 inre
703 3047 890 3146 gloriatur,
929 3045 1012 3120 baec
1050 3046 1125 3142 ipsa
1160 3055 1213 3120 est
1250 3048 1441 3122 Academia
1479 3047 1679 3134 Leidensis,
1710 3046 1821 3120 avitae

293 3166 430 3242 virtutis
451 3177 487 3240 at
513 3166 699 3264 sapientiae
726 3166 952 3266 splendidum
980 3175 1266 3257 monumentum,
1292 3169 1503 3266 optimarum
1526 3191 1642 3242 rerum
1666 3166 1821 3256 officina,

295 3287 470 3363 beneficiis
502 3310 610 3384 paene
644 3287 960 3362 innumerabilibus
993 3287 1029 3360 in
1064 3288 1155 3362 cives
1187 3299 1223 3361 et
1259 3298 1393 3363 exteros
1428 3289 1560 3365 collatis
1592 3286 1822 3362 meritissima:

294 3409 405 3482 Cuius
438 3407 615 3481 historiam
647 3408 835 3482 recolentes
869 3408 898 3481 si
933 3408 1147 3506 cogitemus,
1186 3409 1315 3507 quibus
1349 3409 1457 3483 initiis
1492 3418 1566 3484 orta
1593 3431 1683 3507 quae
1712 3407 1821 3480 incre·

294 3537 412 3604 menta
445 3526 592 3623 ceperit;
635 3536 721 3625 quot
756 3528 876 3626 quales
916 3527 952 3600 in
990 3528 1086 3630 omni
1127 3528 1387 3627 disciplinarum
1425 3554 1551 3629 genere
1594 3525 1824 3602 numeraverit

296 3649 451 3724 doctores
482 3646 613 3745 ingenii
648 3656 684 3721 et
726 3649 931 3722 eruditionis
969 3648 1071 3722 laude
1103 3649 1330 3747 conspicuosr
1367 3661 1537 3749 quantum
1564 3649 1674 3722 doctis
1701 3648 1824 3722 borurn

295 3767 593 3844 lucubrationibus
625 3768 810 3842 contulerit
847 3769 892 3842 ad
933 3769 1200 3866 promovendam
1238 3770 1509 3857 humanitatem,
1550 3768 1595 3843 sd
1628 3766 1825 3866 augendam

297 3911 517 3964 communem
554 3889 753 3964 mortalium
790 3888 1015 3976 felicitatemr
1059 3914 1164 3986 quam
1206 3892 1332 3964 multos
1369 3892 1405 3966 in
1446 3889 1524 3963 siun
1559 3887 1680 3962 foverit
1712 3896 1747 3962 et
1780 3885 1824 3960 ad
1913 3983 1919 3992 ,

297 4007 469 4106 praeclara
506 4032 664 4108 quaeque
698 4008 931 4084 informaverit
956 4010 1161 4084 excellentes
1184 4011 1364 4103 alumnos,
1391 4010 1600 4107 reipublicae
1625 4033 1704 4083 mox
1730 4009 1824 4082 colu·

301 4128 394 4202 mina
423 4136 459 4202 et
495 4139 714 4219 ornamenta3
752 4131 837 4228 quid
869 4130 1019 4228 denique
1054 4132 1259 4206 auctoritate
1293 4141 1328 4205 et
1363 4130 1521 4228 exemplo
1546 4128 1753 4227 praestiterit
1779 4129 1824 4204 ad

302 4248 515 4324 sanctissima
546 4249 688 4324 hnmani
723 4252 859 4350 generis
897 4250 1041 4349 pignora
1078 4252 1242 4326 tutanda:
1281 4252 1387 4340 haec,
1418 4251 1581 4348 inquam,
1616 4259 1651 4324 et
1683 4249 1764 4325 talia
1795 4250 1825 4324 si

301 4377 520 4466 reputemus,
545 4370 664 4468 ecquis
687 4378 740 4444 est
764 4370 848 4469 quin
872 4370 988 4444 animo
1014 4383 1210 4460 moveatur,
1236 4372 1320 4468 quin
1349 4394 1543 4446 enrnrrrnrr
1568 4370 1765 4458 Ammiani,
1792 4379 1827 4444 et

303 4486 565 4562 Academiaest
584 4490 713 4586 patriae
736 4491 862 4588 patris,
881 4491 975 4588 piam
990 4500 1170 4565 veneretur
1187 4493 1407 4581 memoriam,
1434 4501 1576 4590 totoque
1602 4491 1668 4564 sibi
1691 4499 1827 4588 pectore

305 4606 516 4706 gratulatur,
556 4607 719 4706 inclytam
756 4611 843 4684 banc
878 4611 1060 4685 Musarum
1094 4615 1231 4704 sedern,
1274 4622 1352 4711 post
1381 4622 1454 4688 tam
1487 4613 1627 4710 longam
1659 4634 1828 4686 annorum

306 4726 427 4802 seriem
449 4736 591 4826 tamque
618 4730 727 4804 varias
749 4755 862 4805 rerum
890 4732 1047 4807 omnium
1071 4732 1343 4824 vicissitudines,
1369 4734 1483 4808 adhuc
1508 4743 1598 4808 stare
1618 4731 1827 4807 incolumem

306 4857 342 4922 et
374 4849 509 4923 firmam
547 4849 679 4949 vigeret
730 4853 848 4930 Quare
880 4852 992 4951 agite,
1030 4855 1140 4944 cives,
1175 4863 1211 4928 et
1244 4863 1380 4932 sentum
1414 4854 1605 4930 iubilasum
1640 4854 1704 4928 boc
1735 4877 1827 4928 anno

1641 4979 1664 5049 2
1756 5049 1759 5056 ,
